
@article{Englert:2014uua,
      author         = "Englert, C. and Freitas, A. and MÃ¼hlleitner, M. M. and
                        Plehn, T. and Rauch, M. and Spira, M. and Walz, K.",
      title          = "{Precision Measurements of Higgs Couplings: Implications
                        for New Physics Scales}",
      journal        = "J. Phys.",
      volume         = "G41",
      year           = "2014",
      pages          = "113001",
      doi            = "10.1088/0954-3899/41/11/113001",
      eprint         = "1403.7191",
      archivePrefix  = "arXiv",
      primaryClass   = "hep-ph",
      reportNumber   = "PSI-PR-14-01, KA-TP-06-2014, SFB-CPP-14-13",
      SLACcitation   = "%%CITATION = ARXIV:1403.7191;%%"
}

@article{Morrissey:2009tf,
      author         = "Morrissey, David E. and Plehn, Tilman and Tait, Tim M.
                        P.",
      title          = "{Physics searches at the LHC}",
      journal        = "Phys. Rept.",
      volume         = "515",
      year           = "2012",
      pages          = "1-113",
      doi            = "10.1016/j.physrep.2012.02.007",
      eprint         = "0912.3259",
      archivePrefix  = "arXiv",
      primaryClass   = "hep-ph",
      reportNumber   = "ANL-HEP-PR-09-114, UCI-TR-2009-17, NUHEP-TH-09-19",
      SLACcitation   = "%%CITATION = ARXIV:0912.3259;%%"
}
