%%%%%%%%%%%%%%%%%%%%%%%%%%%%%%%%%%%%%%%%%%%%%%%%%%%%%%%%%%%%
% My papers: backbone of thesis
%%%%%%%%%%%%%%%%%%%%%%%%%%%%%%%%%%%%%%%%%%%%%%%%%%%%%%%%%%%%

@article{Brehmer:2015rna,
      author         = "Brehmer, Johann and Freitas, Ayres and Lopez-Val, David
                        and Plehn, Tilman",
      title          = "{Pushing Higgs Effective Theory to its Limits}",
      journal        = "Phys. Rev.",
      volume         = "D93",
      year           = "2016",
      number         = "7",
      pages          = "075014",
      doi            = "10.1103/PhysRevD.93.075014",
      eprint         = "1510.03443",
      archivePrefix  = "arXiv",
      primaryClass   = "hep-ph",
      SLACcitation   = "%%CITATION = ARXIV:1510.03443;%%"
}

@article{Biekotter:2016ecg,
      author         = "Biek{\"o}tter, Anke and Brehmer, Johann and Plehn, Tilman",
      title          = "{Extending the limits of Higgs effective theory}",
      journal        = "Phys. Rev.",
      volume         = "D94",
      year           = "2016",
      number         = "5",
      pages          = "055032",
      doi            = "10.1103/PhysRevD.94.055032",
      eprint         = "1602.05202",
      archivePrefix  = "arXiv",
      primaryClass   = "hep-ph",
      SLACcitation   = "%%CITATION = ARXIV:1602.05202;%%"
}

@article{deFlorian:2016spz,
      author         = "de Florian, D. and others",
      title          = "{Handbook of LHC Higgs Cross Sections: 4. Deciphering the
                        Nature of the Higgs Sector}",
      collaboration  = "LHC Higgs Cross Section Working Group",
      year           = "2016",
      eprint         = "1610.07922",
      archivePrefix  = "arXiv",
      primaryClass   = "hep-ph",
      reportNumber   = "FERMILAB-FN-1025-T",
      SLACcitation   = "%%CITATION = ARXIV:1610.07922;%%"
}

@article{Brehmer:2016nyr,
      author         = "Brehmer, Johann and Cranmer, Kyle and Kling, Felix and
                        Plehn, Tilman",
      title          = "{Better Higgs Measurements Through Information Geometry}",
      year           = "2016",
      eprint         = "1612.05261",
      archivePrefix  = "arXiv",
      primaryClass   = "hep-ph",
      SLACcitation   = "%%CITATION = ARXIV:1612.05261;%%"
}

@article{Brehmer:EFTlecture,
      author         = "Brehmer, Johann",
      title          = "{Higgs Effective Field Theory}",
      year           = "2016",
      journal        = "{Student lecture, research training group ``Particle Physics Beyond the Standard Model''}",
      url            = "http://www.thphys.uni-heidelberg.de/~gk_ppbsm/lib/exe/fetch.php?media=students:lectures:student_lecture_eft.pdf"
}



%%%%%%%%%%%%%%%%%%%%%%%%%%%%%%%%%%%%%%%%%%%%%%%%%%%%%%%%%%%%
% My papers: others
%%%%%%%%%%%%%%%%%%%%%%%%%%%%%%%%%%%%%%%%%%%%%%%%%%%%%%%%%%%%

@article{Brehmer:2012hh,
      author         = "Brehmer, J. and Lendermann, V. and Maniatis, M. and
                        Nachtmann, O. and Schultz-Coulon, H. -C. and Stamen, R.",
      title          = "{Towards testing a two-Higgs-doublet model with maximal
                        CP symmetry at the LHC: construction of a Monte Carlo
                        event generator}",
      journal        = "Eur. Phys. J.",
      volume         = "C73",
      year           = "2013",
      number         = "4",
      pages          = "2380",
      doi            = "10.1140/epjc/s10052-013-2380-3",
      eprint         = "1209.2537",
      archivePrefix  = "arXiv",
      primaryClass   = "hep-ph",
      SLACcitation   = "%%CITATION = ARXIV:1209.2537;%%"
}

@article{Brehmer:2014pka,
      author         = "Brehmer, Johann and Jaeckel, Joerg and Plehn, Tilman",
      title          = "{Polarized WW Scattering on the Higgs Pole}",
      journal        = "Phys. Rev.",
      volume         = "D90",
      year           = "2014",
      number         = "5",
      pages          = "054023",
      doi            = "10.1103/PhysRevD.90.054023",
      eprint         = "1404.5951",
      archivePrefix  = "arXiv",
      primaryClass   = "hep-ph",
      SLACcitation   = "%%CITATION = ARXIV:1404.5951;%%"
}

@article{Brehmer:2015cia,
      author         = "Brehmer, Johann and Hewett, JoAnne and Kopp, Joachim and
                        Rizzo, Thomas and Tattersall, Jamie",
      title          = "{Symmetry Restored in Dibosons at the LHC?}",
      journal        = "JHEP",
      volume         = "10",
      year           = "2015",
      pages          = "182",
      doi            = "10.1007/JHEP10(2015)182",
      eprint         = "1507.00013",
      archivePrefix  = "arXiv",
      primaryClass   = "hep-ph",
      reportNumber   = "MITP-15-046-SLAC-PUB-16319-TKK-15-15, MITP-15-046,
                        SLAC-PUB-16319, TKK-15-15",
      SLACcitation   = "%%CITATION = ARXIV:1507.00013;%%"
}

@article{Brehmer:2015dan,
      author         = "Brehmer, Johann and others",
      title          = "{The Diboson Excess: Experimental Situation and
                        Classification of Explanations; A Les Houches
                        Pre-Proceeding}",
      year           = "2015",
      eprint         = "1512.04357",
      archivePrefix  = "arXiv",
      primaryClass   = "hep-ph",
      reportNumber   = "CERN-PH-TH-2015-297",
      SLACcitation   = "%%CITATION = ARXIV:1512.04357;%%"
}

@article{Brooijmans:2016vro,
      author         = "Brooijmans, G. and others",
      title          = "{Les Houches 2015: Physics at TeV colliders - new physics
                        working group report}",
      booktitle      = "{9th Les Houches Workshop on Physics at TeV Colliders
                        (PhysTeV 2015) Les Houches, France, June 1-19, 2015}",
      year           = "2016",
      eprint         = "1605.02684",
      archivePrefix  = "arXiv",
      primaryClass   = "hep-ph",
      SLACcitation   = "%%CITATION = ARXIV:1605.02684;%%"
}




%%%%%%%%%%%%%%%%%%%%%%%%%%%%%%%%%%%%%%%%%%%%%%%%%%%%%%%%%%%%
% Higgs: theory and discovery
%%%%%%%%%%%%%%%%%%%%%%%%%%%%%%%%%%%%%%%%%%%%%%%%%%%%%%%%%%%%

@article{Higgs:1964ia,
      author         = "Higgs, Peter W.",
      title          = "{Broken symmetries, massless particles and gauge fields}",
      journal        = "Phys. Lett.",
      volume         = "12",
      year           = "1964",
      pages          = "132-133",
      doi            = "10.1016/0031-9163(64)91136-9",
      SLACcitation   = "%%CITATION = PHLTA,12,132;%%"
}

@article{Higgs:1964pj,
      author         = "Higgs, Peter W.",
      title          = "{Broken Symmetries and the Masses of Gauge Bosons}",
      journal        = "Phys. Rev. Lett.",
      volume         = "13",
      year           = "1964",
      pages          = "508-509",
      doi            = "10.1103/PhysRevLett.13.508",
      SLACcitation   = "%%CITATION = PRLTA,13,508;%%"
}

@article{Englert:1964et,
      author         = "Englert, F. and Brout, R.",
      title          = "{Broken Symmetry and the Mass of Gauge Vector Mesons}",
      journal        = "Phys. Rev. Lett.",
      volume         = "13",
      year           = "1964",
      pages          = "321-323",
      doi            = "10.1103/PhysRevLett.13.321",
      SLACcitation   = "%%CITATION = PRLTA,13,321;%%"
}

@article{Aad:2012tfa,
      author         = "Aad, Georges and others",
      title          = "{Observation of a new particle in the search for the
                        Standard Model Higgs boson with the ATLAS detector at the
                        LHC}",
      collaboration  = "ATLAS",
      journal        = "Phys. Lett.",
      volume         = "B716",
      year           = "2012",
      pages          = "1-29",
      doi            = "10.1016/j.physletb.2012.08.020",
      eprint         = "1207.7214",
      archivePrefix  = "arXiv",
      primaryClass   = "hep-ex",
      reportNumber   = "CERN-PH-EP-2012-218",
      SLACcitation   = "%%CITATION = ARXIV:1207.7214;%%"
}

@article{Chatrchyan:2012xdj,
      author         = "Chatrchyan, Serguei and others",
      title          = "{Observation of a new boson at a mass of 125 GeV with the
                        CMS experiment at the LHC}",
      collaboration  = "CMS",
      journal        = "Phys. Lett.",
      volume         = "B716",
      year           = "2012",
      pages          = "30-61",
      doi            = "10.1016/j.physletb.2012.08.021",
      eprint         = "1207.7235",
      archivePrefix  = "arXiv",
      primaryClass   = "hep-ex",
      reportNumber   = "CMS-HIG-12-028, CERN-PH-EP-2012-220",
      SLACcitation   = "%%CITATION = ARXIV:1207.7235;%%"
}

@article{Khachatryan:2016vau,
      author         = "Aad, Georges and others",
      title          = "{Measurements of the Higgs boson production and decay
                        rates and constraints on its couplings from a combined
                        ATLAS and CMS analysis of the LHC pp collision data at $
                        \sqrt{s}=7 $ and 8 TeV}",
      collaboration  = "ATLAS, CMS",
      journal        = "JHEP",
      volume         = "08",
      year           = "2016",
      pages          = "045",
      doi            = "10.1007/JHEP08(2016)045",
      eprint         = "1606.02266",
      archivePrefix  = "arXiv",
      primaryClass   = "hep-ex",
      reportNumber   = "CERN-EP-2016-100, ATLAS-HIGG-2015-07, CMS-HIG-15-002",
      SLACcitation   = "%%CITATION = ARXIV:1606.02266;%%"
}




%%%%%%%%%%%%%%%%%%%%%%%%%%%%%%%%%%%%%%%%%%%%%%%%%%%%%%%%%%%%
% EFT original
%%%%%%%%%%%%%%%%%%%%%%%%%%%%%%%%%%%%%%%%%%%%%%%%%%%%%%%%%%%%

@article{Weinberg:1980wa,
      author         = "Weinberg, Steven",
      title          = "{Effective Gauge Theories}",
      journal        = "Phys. Lett.",
      volume         = "B91",
      year           = "1980",
      pages          = "51-55",
      doi            = "10.1016/0370-2693(80)90660-7",
      reportNumber   = "HUTP-80/A001",
      SLACcitation   = "%%CITATION = PHLTA,B91,51;%%"
}

@article{Coleman:1969sm,
      author         = "Coleman, Sidney R. and Wess, J. and Zumino, Bruno",
      title          = "{Structure of phenomenological Lagrangians. 1.}",
      journal        = "Phys. Rev.",
      volume         = "177",
      year           = "1969",
      pages          = "2239-2247",
      doi            = "10.1103/PhysRev.177.2239",
      SLACcitation   = "%%CITATION = PHRVA,177,2239;%%"
}

@article{Callan:1969sn,
      author         = "Callan, Jr., Curtis G. and Coleman, Sidney R. and Wess,
                        J. and Zumino, Bruno",
      title          = "{Structure of phenomenological Lagrangians. 2.}",
      journal        = "Phys. Rev.",
      volume         = "177",
      year           = "1969",
      pages          = "2247-2250",
      doi            = "10.1103/PhysRev.177.2247",
      SLACcitation   = "%%CITATION = PHRVA,177,2247;%%"
}




%%%%%%%%%%%%%%%%%%%%%%%%%%%%%%%%%%%%%%%%%%%%%%%%%%%%%%%%%%%%
% EFT lectures
%%%%%%%%%%%%%%%%%%%%%%%%%%%%%%%%%%%%%%%%%%%%%%%%%%%%%%%%%%%%

@article{Georgi:1994qn,
      author         = "Georgi, H.",
      title          = "{Effective field theory}",
      journal        = "Ann. Rev. Nucl. Part. Sci.",
      volume         = "43",
      year           = "1993",
      pages          = "209-252",
      doi            = "10.1146/annurev.ns.43.120193.001233",
      SLACcitation   = "%%CITATION = ARNUA,43,209;%%"
}

@article{Kaplan:2005es,
      author         = "Kaplan, David B.",
      title          = "{Five lectures on effective field theory}",
      year           = "2005",
      eprint         = "nucl-th/0510023",
      archivePrefix  = "arXiv",
      primaryClass   = "nucl-th",
      SLACcitation   = "%%CITATION = NUCL-TH/0510023;%%"
}




%%%%%%%%%%%%%%%%%%%%%%%%%%%%%%%%%%%%%%%%%%%%%%%%%%%%%%%%%%%%
% SM EFT original
%%%%%%%%%%%%%%%%%%%%%%%%%%%%%%%%%%%%%%%%%%%%%%%%%%%%%%%%%%%%

@article{Burges:1983zg,
      author         = "Burges, C. J. C. and Schnitzer, Howard J.",
      title          = "{Virtual Effects of Excited Quarks as Probes of a
                        Possible New Hadronic Mass Scale}",
      journal        = "Nucl. Phys.",
      volume         = "B228",
      year           = "1983",
      pages          = "464-500",
      doi            = "10.1016/0550-3213(83)90555-2",
      reportNumber   = "Print-83-0346 (BRANDEIS)",
      SLACcitation   = "%%CITATION = NUPHA,B228,464;%%"
}

@article{Leung:1984ni,
      author         = "Leung, Chung Ngoc and Love, S. T. and Rao, S.",
      title          = "{Low-Energy Manifestations of a New Interaction Scale:
                        Operator Analysis}",
      journal        = "Z. Phys.",
      volume         = "C31",
      year           = "1986",
      pages          = "433",
      doi            = "10.1007/BF01588041",
      reportNumber   = "FERMILAB-PUB-84-074-T",
      SLACcitation   = "%%CITATION = ZEPYA,C31,433;%%"
}

@article{Buchmuller:1985jz,
      author         = "Buchmuller, W. and Wyler, D.",
      title          = "{Effective Lagrangian Analysis of New Interactions and
                        Flavor Conservation}",
      journal        = "Nucl. Phys.",
      volume         = "B268",
      year           = "1986",
      pages          = "621-653",
      doi            = "10.1016/0550-3213(86)90262-2",
      reportNumber   = "CERN-TH-4254/85",
      SLACcitation   = "%%CITATION = NUPHA,B268,621;%%"
}




%%%%%%%%%%%%%%%%%%%%%%%%%%%%%%%%%%%%%%%%%%%%%%%%%%%%%%%%%%%%
% SM EFT bases
%%%%%%%%%%%%%%%%%%%%%%%%%%%%%%%%%%%%%%%%%%%%%%%%%%%%%%%%%%%%

@article{Hagiwara:1993ck,
      author         = "Hagiwara, Kaoru and Ishihara, S. and Szalapski, R. and
                        Zeppenfeld, D.",
      title          = "{Low-energy effects of new interactions in the
                        electroweak boson sector}",
      journal        = "Phys. Rev.",
      volume         = "D48",
      year           = "1993",
      pages          = "2182-2203",
      doi            = "10.1103/PhysRevD.48.2182",
      reportNumber   = "MAD-PH-737, UT-635, KEK-TH-356, KEK-PREPRINT-92-214",
      SLACcitation   = "%%CITATION = PHRVA,D48,2182;%%"
}

@article{Giudice:2007fh,
      author         = "Giudice, G. F. and Grojean, C. and Pomarol, A. and
                        Rattazzi, R.",
      title          = "{The Strongly-Interacting Light Higgs}",
      journal        = "JHEP",
      volume         = "06",
      year           = "2007",
      pages          = "045",
      doi            = "10.1088/1126-6708/2007/06/045",
      eprint         = "hep-ph/0703164",
      archivePrefix  = "arXiv",
      primaryClass   = "hep-ph",
      reportNumber   = "CERN-PH-TH-2007-47",
      SLACcitation   = "%%CITATION = HEP-PH/0703164;%%"
}

@article{Grzadkowski:2010es,
      author         = "Grzadkowski, B. and Iskrzynski, M. and Misiak, M. and
                        Rosiek, J.",
      title          = "{Dimension-Six Terms in the Standard Model Lagrangian}",
      journal        = "JHEP",
      volume         = "10",
      year           = "2010",
      pages          = "085",
      doi            = "10.1007/JHEP10(2010)085",
      eprint         = "1008.4884",
      archivePrefix  = "arXiv",
      primaryClass   = "hep-ph",
      reportNumber   = "IFT-9-2010, TTP10-35",
      SLACcitation   = "%%CITATION = ARXIV:1008.4884;%%"
}

@article{Falkowski:2015wza,
      author         = "Falkowski, Adam and Fuks, Benjamin and Mawatari, Kentarou
                        and Mimasu, Ken and Riva, Francesco and sanz, Ver{\'o}nica",
      title          = "{Rosetta: an operator basis translator for Standard Model
                        effective field theory}",
      journal        = "Eur. Phys. J.",
      volume         = "C75",
      year           = "2015",
      number         = "12",
      pages          = "583",
      doi            = "10.1140/epjc/s10052-015-3806-x",
      eprint         = "1508.05895",
      archivePrefix  = "arXiv",
      primaryClass   = "hep-ph",
      reportNumber   = "MCNET-15-25",
      SLACcitation   = "%%CITATION = ARXIV:1508.05895;%%"
}




%%%%%%%%%%%%%%%%%%%%%%%%%%%%%%%%%%%%%%%%%%%%%%%%%%%%%%%%%%%%
% Matching and CDE
%%%%%%%%%%%%%%%%%%%%%%%%%%%%%%%%%%%%%%%%%%%%%%%%%%%%%%%%%%%%

@article{Gaillard:1985uh,
      author         = "Gaillard, M. K.",
      title          = "{The Effective One Loop Lagrangian With Derivative
                        Couplings}",
      journal        = "Nucl. Phys.",
      volume         = "B268",
      year           = "1986",
      pages          = "669-692",
      doi            = "10.1016/0550-3213(86)90264-6",
      reportNumber   = "LBL-20308, UCB-PTH-85/1",
      SLACcitation   = "%%CITATION = NUPHA,B268,669;%%"
}

@inproceedings{Gaillard:1986dz,
      author         = "Gaillard, Mary K.",
      title          = "{Effective One Loop Scalar Actions in (Mostly)
                        Four-Dimensions}",
      booktitle      = "{3rd Jerusalem Winter School for Theoretical Physics:
                        Strings and Superstrings Jerusalem, Israel, 30 December
                        1985 - 9 January 1986}",
      year           = "1986",
      reportNumber   = "UCB-PTH-86/10, LBL-21465",
      SLACcitation   = "%%CITATION = UCB-PTH-86/10;%%"
}

@article{Henning:2014wua,
      author         = "Henning, Brian and Lu, Xiaochuan and Murayama, Hitoshi",
      title          = "{How to use the Standard Model effective field theory}",
      year           = "2014",
      eprint         = "1412.1837",
      archivePrefix  = "arXiv",
      primaryClass   = "hep-ph",
      reportNumber   = "UCB-PTH-14-40, IPMU14-0353",
      SLACcitation   = "%%CITATION = ARXIV:1412.1837;%%"
}

@article{Drozd:2015rsp,
      author         = "Drozd, Aleksandra and Ellis, John and Quevillon,
                        Jérémie and You, Tevong",
      title          = "{The Universal One-Loop Effective Action}",
      year           = "2015",
      eprint         = "1512.03003",
      archivePrefix  = "arXiv",
      primaryClass   = "hep-ph",
      reportNumber   = "KCL-PH-TH-2015-54, LCTS-2015-42, CERN-PH-TH-2015-284,
                        --CAVENDISH-HEP-15-12, DAMTP-2015-88",
      SLACcitation   = "%%CITATION = ARXIV:1512.03003;%%"
}

@article{Henning:2016lyp,
      author         = "Henning, Brian and Lu, Xiaochuan and Murayama, Hitoshi",
      title          = "{One-loop Matching and Running with Covariant Derivative
                        Expansion}",
      year           = "2016",
      eprint         = "1604.01019",
      archivePrefix  = "arXiv",
      primaryClass   = "hep-ph",
      reportNumber   = "IPMU16-0042",
      SLACcitation   = "%%CITATION = ARXIV:1604.01019;%%"
}




%%%%%%%%%%%%%%%%%%%%%%%%%%%%%%%%%%%%%%%%%%%%%%%%%%%%%%%%%%%%
% SM EFT beyond dim 6
%%%%%%%%%%%%%%%%%%%%%%%%%%%%%%%%%%%%%%%%%%%%%%%%%%%%%%%%%%%%

@article{Henning:2015alf,
      author         = "Henning, Brian and Lu, Xiaochuan and Melia, Tom and
                        Murayama, Hitoshi",
      title          = "{2, 84, 30, 993, 560, 15456, 11962, 261485, ...: Higher
                        dimension operators in the SM EFT}",
      year           = "2015",
      eprint         = "1512.03433",
      archivePrefix  = "arXiv",
      primaryClass   = "hep-ph",
      reportNumber   = "UCB-PTH-15-14, IPMU15-0207",
      SLACcitation   = "%%CITATION = ARXIV:1512.03433;%%"
}



%%%%%%%%%%%%%%%%%%%%%%%%%%%%%%%%%%%%%%%%%%%%%%%%%%%%%%%%%%%%
% SM EFT running
%%%%%%%%%%%%%%%%%%%%%%%%%%%%%%%%%%%%%%%%%%%%%%%%%%%%%%%%%%%%

@article{Jenkins:2013zja,
      author         = "Jenkins, Elizabeth E. and Manohar, Aneesh V. and Trott,
                        Michael",
      title          = "{Renormalization Group Evolution of the Standard Model
                        Dimension Six Operators I: Formalism and lambda
                        Dependence}",
      journal        = "JHEP",
      volume         = "10",
      year           = "2013",
      pages          = "087",
      doi            = "10.1007/JHEP10(2013)087",
      eprint         = "1308.2627",
      archivePrefix  = "arXiv",
      primaryClass   = "hep-ph",
      SLACcitation   = "%%CITATION = ARXIV:1308.2627;%%"
}

@article{Jenkins:2013wua,
      author         = "Jenkins, Elizabeth E. and Manohar, Aneesh V. and Trott,
                        Michael",
      title          = "{Renormalization Group Evolution of the Standard Model
                        Dimension Six Operators II: Yukawa Dependence}",
      journal        = "JHEP",
      volume         = "01",
      year           = "2014",
      pages          = "035",
      doi            = "10.1007/JHEP01(2014)035",
      eprint         = "1310.4838",
      archivePrefix  = "arXiv",
      primaryClass   = "hep-ph",
      SLACcitation   = "%%CITATION = ARXIV:1310.4838;%%"
}

@article{Alonso:2013hga,
      author         = "Alonso, Rodrigo and Jenkins, Elizabeth E. and Manohar,
                        Aneesh V. and Trott, Michael",
      title          = "{Renormalization Group Evolution of the Standard Model
                        Dimension Six Operators III: Gauge Coupling Dependence and
                        Phenomenology}",
      journal        = "JHEP",
      volume         = "04",
      year           = "2014",
      pages          = "159",
      doi            = "10.1007/JHEP04(2014)159",
      eprint         = "1312.2014",
      archivePrefix  = "arXiv",
      primaryClass   = "hep-ph",
      reportNumber   = "CERN-PH-TH-2013-305",
      SLACcitation   = "%%CITATION = ARXIV:1312.2014;%%"
}




%%%%%%%%%%%%%%%%%%%%%%%%%%%%%%%%%%%%%%%%%%%%%%%%%%%%%%%%%%%%
% Operator bases original
%%%%%%%%%%%%%%%%%%%%%%%%%%%%%%%%%%%%%%%%%%%%%%%%%%%%%%%%%%%%

@article{Politzer:1980me,
      author         = "Politzer, H. David",
      title          = "{Power Corrections at Short Distances}",
      journal        = "Nucl. Phys.",
      volume         = "B172",
      year           = "1980",
      pages          = "349-382",
      doi            = "10.1016/0550-3213(80)90172-8",
      reportNumber   = "CALT-68-765",
      SLACcitation   = "%%CITATION = NUPHA,B172,349;%%"
}

@article{Georgi:1991ch,
      author         = "Georgi, Howard",
      title          = "{On-shell effective field theory}",
      journal        = "Nucl. Phys.",
      volume         = "B361",
      year           = "1991",
      pages          = "339-350",
      doi            = "10.1016/0550-3213(91)90244-R",
      reportNumber   = "HUTP-91-A014",
      SLACcitation   = "%%CITATION = NUPHA,B361,339;%%"
}

@article{Arzt:1993gz,
      author         = "Arzt, Christopher",
      title          = "{Reduced effective Lagrangians}",
      journal        = "Phys. Lett.",
      volume         = "B342",
      year           = "1995",
      pages          = "189-195",
      doi            = "10.1016/0370-2693(94)01419-D",
      eprint         = "hep-ph/9304230",
      archivePrefix  = "arXiv",
      primaryClass   = "hep-ph",
      reportNumber   = "UM-TH-92-28",
      SLACcitation   = "%%CITATION = HEP-PH/9304230;%%"
}

@article{Simma:1993ky,
      author         = "Simma, H.",
      title          = "{Equations of motion for effective Lagrangians and
                        penguins in rare B decays}",
      journal        = "Z. Phys.",
      volume         = "C61",
      year           = "1994",
      pages          = "67-82",
      doi            = "10.1007/BF01641888",
      eprint         = "hep-ph/9307274",
      archivePrefix  = "arXiv",
      primaryClass   = "hep-ph",
      reportNumber   = "DESY-93-083",
      SLACcitation   = "%%CITATION = HEP-PH/9307274;%%"
}



%%%%%%%%%%%%%%%%%%%%%%%%%%%%%%%%%%%%%%%%%%%%%%%%%%%%%%%%%%%%
% kappa framework
%%%%%%%%%%%%%%%%%%%%%%%%%%%%%%%%%%%%%%%%%%%%%%%%%%%%%%%%%%%%

@article{Lafaye:2009vr,
      author         = "Lafaye, Remi and Plehn, Tilman and Rauch, Michael and
                        Zerwas, Dirk and Duhrssen, Michael",
      title          = "{Measuring the Higgs Sector}",
      journal        = "JHEP",
      volume         = "08",
      year           = "2009",
      pages          = "009",
      doi            = "10.1088/1126-6708/2009/08/009",
      eprint         = "0904.3866",
      archivePrefix  = "arXiv",
      primaryClass   = "hep-ph",
      reportNumber   = "KA-TP-01-2009, SFB-CPP-09-28",
      SLACcitation   = "%%CITATION = ARXIV:0904.3866;%%"
}

@article{LHCHiggsCrossSectionWorkingGroup:2012nn,
      author         = "David, A. and Denner, A. and Duehrssen, M. and Grazzini,
                        M. and Grojean, C. and Passarino, G. and Schumacher, M.
                        and Spira, M. and Weiglein, G. and Zanetti, M.",
      title          = "{LHC HXSWG interim recommendations to explore the
                        coupling structure of a Higgs-like particle}",
      collaboration  = "LHC Higgs Cross Section Working Group",
      year           = "2012",
      eprint         = "1209.0040",
      archivePrefix  = "arXiv",
      primaryClass   = "hep-ph",
      reportNumber   = "CERN-PH-TH-2012-284, LHCHXSWG-2012-001",
      SLACcitation   = "%%CITATION = ARXIV:1209.0040;%%"
}



%%%%%%%%%%%%%%%%%%%%%%%%%%%%%%%%%%%%%%%%%%%%%%%%%%%%%%%%%%%%
% Pseudo-observables
%%%%%%%%%%%%%%%%%%%%%%%%%%%%%%%%%%%%%%%%%%%%%%%%%%%%%%%%%%%%

@article{Isidori:2013cga,
      author         = "Isidori, Gino and Trott, Michael",
      title          = "{Higgs form factors in Associated Production}",
      journal        = "JHEP",
      volume         = "02",
      year           = "2014",
      pages          = "082",
      doi            = "10.1007/JHEP02(2014)082",
      eprint         = "1307.4051",
      archivePrefix  = "arXiv",
      primaryClass   = "hep-ph",
      reportNumber   = "NSF-KITP-13-107, CERN-PH-TH-2013-158,
                        NSF-KITP-13-107-SANTA-BARBARA",
      SLACcitation   = "%%CITATION = ARXIV:1307.4051;%%"
}

@article{Bordone:2015nqa,
      author         = "Bordone, Marzia and Greljo, Admir and Isidori, Gino and
                        Marzocca, David and Pattori, Andrea",
      title          = "{Higgs Pseudo Observables and Radiative Corrections}",
      journal        = "Eur. Phys. J.",
      volume         = "C75",
      year           = "2015",
      number         = "8",
      pages          = "385",
      doi            = "10.1140/epjc/s10052-015-3611-6",
      eprint         = "1507.02555",
      archivePrefix  = "arXiv",
      primaryClass   = "hep-ph",
      reportNumber   = "ZU-TH-22-15",
      SLACcitation   = "%%CITATION = ARXIV:1507.02555;%%"
}

@article{Greljo:2015sla,
      author         = "Greljo, Admir and Isidori, Gino and Lindert, Jonas M. and
                        Marzocca, David",
      title          = "{Pseudo-observables in electroweak Higgs production}",
      journal        = "Eur. Phys. J.",
      volume         = "C76",
      year           = "2016",
      number         = "3",
      pages          = "158",
      doi            = "10.1140/epjc/s10052-016-4000-5",
      eprint         = "1512.06135",
      archivePrefix  = "arXiv",
      primaryClass   = "hep-ph",
      reportNumber   = "ZU-TH-47-15",
      SLACcitation   = "%%CITATION = ARXIV:1512.06135;%%"
}




%%%%%%%%%%%%%%%%%%%%%%%%%%%%%%%%%%%%%%%%%%%%%%%%%%%%%%%%%%%%
% Nonlinear electrweak Lagrangian
%%%%%%%%%%%%%%%%%%%%%%%%%%%%%%%%%%%%%%%%%%%%%%%%%%%%%%%%%%%%

@article{Appelquist:1980vg,
      author         = "Appelquist, Thomas and Bernard, Claude W.",
      title          = "{Strongly Interacting Higgs Bosons}",
      journal        = "Phys. Rev.",
      volume         = "D22",
      year           = "1980",
      pages          = "200",
      doi            = "10.1103/PhysRevD.22.200",
      reportNumber   = "YTP-80-01",
      SLACcitation   = "%%CITATION = PHRVA,D22,200;%%"
}

@article{Longhitano:1980iz,
      author         = "Longhitano, Anthony C.",
      title          = "{Heavy Higgs Bosons in the Weinberg-Salam Model}",
      journal        = "Phys. Rev.",
      volume         = "D22",
      year           = "1980",
      pages          = "1166",
      doi            = "10.1103/PhysRevD.22.1166",
      reportNumber   = "YTP-80-04",
      SLACcitation   = "%%CITATION = PHRVA,D22,1166;%%"
}

@article{Appelquist:1984rr,
      author         = "Appelquist, Thomas and Bowick, Mark J. and Cohler, Eugene
                        and Hauser, Avi I.",
      title          = "{The Breaking of Isospin Symmetry in Theories With a
                        Dynamical Higgs Mechanism}",
      journal        = "Phys. Rev.",
      volume         = "D31",
      year           = "1985",
      pages          = "1676",
      doi            = "10.1103/PhysRevD.31.1676",
      reportNumber   = "YTP 84-14",
      SLACcitation   = "%%CITATION = PHRVA,D31,1676;%%"
}


%%%%%%%%%%%%%%%%%%%%%%%%%%%%%%%%%%%%%%%%%%%%%%%%%%%%%%%%%%%%
% Non-linear Higgs EFT
%%%%%%%%%%%%%%%%%%%%%%%%%%%%%%%%%%%%%%%%%%%%%%%%%%%%%%%%%%%%

@article{Alonso:2012px,
      author         = "Alonso, R. and Gavela, M. B. and Merlo, L. and Rigolin,
                        S. and Yepes, J.",
      title          = "{The Effective Chiral Lagrangian for a Light Dynamical
                        "Higgs Particle"}",
      journal        = "Phys. Lett.",
      volume         = "B722",
      year           = "2013",
      pages          = "330-335",
      doi            = "10.1016/j.physletb.2013.04.037,
                        10.1016/j.physletb.2013.09.028",
      note           = "[Erratum: Phys. Lett.B726,926(2013)]",
      eprint         = "1212.3305",
      archivePrefix  = "arXiv",
      primaryClass   = "hep-ph",
      reportNumber   = "FTUAM-12-115, IFT-UAM-CSIC-12-113, CERN-PH-TH-2012-335,
                        DFPD-2012-TH-23",
      SLACcitation   = "%%CITATION = ARXIV:1212.3305;%%"
}

@article{Buchalla:2013rka,
      author         = "Buchalla, Gerhard and Cat{\`a}, Oscar and Krause, Claudius",
      title          = "{Complete Electroweak Chiral Lagrangian with a Light
                        Higgs at NLO}",
      journal        = "Nucl. Phys.",
      volume         = "B880",
      year           = "2014",
      pages          = "552-573",
      doi            = "10.1016/j.nuclphysb.2016.09.010,
                        10.1016/j.nuclphysb.2014.01.018",
      note           = "[Erratum: Nucl. Phys.B913,475(2016)]",
      eprint         = "1307.5017",
      archivePrefix  = "arXiv",
      primaryClass   = "hep-ph",
      reportNumber   = "LMU-ASC-42-13, LMU-ASC~42-13",
      SLACcitation   = "%%CITATION = ARXIV:1307.5017;%%"
}

@article{Buchalla:2013eza,
      author         = "Buchalla, Gerhard and Cat{\`a}, Oscar and Krause, Claudius",
      title          = "{On the Power Counting in Effective Field Theories}",
      journal        = "Phys. Lett.",
      volume         = "B731",
      year           = "2014",
      pages          = "80-86",
      doi            = "10.1016/j.physletb.2014.02.015",
      eprint         = "1312.5624",
      archivePrefix  = "arXiv",
      primaryClass   = "hep-ph",
      reportNumber   = "LMU-ASC-81-13",
      SLACcitation   = "%%CITATION = ARXIV:1312.5624;%%"
}

@article{Brivio:2013pma,
      author         = "Brivio, I. and Corbett, T. and {\'E}boli, O. J. P. and
                        Gavela, M. B. and Gonzalez-Fraile, J. and Gonzalez-Garcia,
                        M. C. and Merlo, L. and Rigolin, S.",
      title          = "{Disentangling a dynamical Higgs}",
      journal        = "JHEP",
      volume         = "03",
      year           = "2014",
      pages          = "024",
      doi            = "10.1007/JHEP03(2014)024",
      eprint         = "1311.1823",
      archivePrefix  = "arXiv",
      primaryClass   = "hep-ph",
      reportNumber   = "FTUAM-13-32, IFT-UAM-CSIC-13-119, YITP-SB-13-33,
                        DFPD-2013-TH-20",
      SLACcitation   = "%%CITATION = ARXIV:1311.1823;%%"
}

@article{Gavela:2014vra,
      author         = "Gavela, M. B. and Gonzalez-Fraile, J. and
                        Gonzalez-Garcia, M. C. and Merlo, L. and Rigolin, S. and
                        Yepes, J.",
      title          = "{CP violation with a dynamical Higgs}",
      journal        = "JHEP",
      volume         = "10",
      year           = "2014",
      pages          = "044",
      doi            = "10.1007/JHEP10(2014)044",
      eprint         = "1406.6367",
      archivePrefix  = "arXiv",
      primaryClass   = "hep-ph",
      reportNumber   = "FTUAM-14-22, IFT-UAM-CSIC-14-056, YITP-SB-14-17,
                        DFPD-2014-TH-13",
      SLACcitation   = "%%CITATION = ARXIV:1406.6367;%%"
}

@article{Buchalla:2015wfa,
      author         = "Buchalla, G. and Cat{\`a}, O. and Celis, A. and Krause, C.",
      title          = "{Note on Anomalous Higgs-Boson Couplings in Effective
                        Field Theory}",
      journal        = "Phys. Lett.",
      volume         = "B750",
      year           = "2015",
      pages          = "298-301",
      doi            = "10.1016/j.physletb.2015.09.027",
      eprint         = "1504.01707",
      archivePrefix  = "arXiv",
      primaryClass   = "hep-ph",
      reportNumber   = "LMU-ASC-19-15",
      SLACcitation   = "%%CITATION = ARXIV:1504.01707;%%"
}

@article{Brivio:2016fzo,
      author         = "Brivio, I. and Gonzalez-Fraile, J. and Gonzalez-Garcia,
                        M. C. and Merlo, L.",
      title          = "{The complete HEFT Lagrangian after the LHC Run I}",
      journal        = "Eur. Phys. J.",
      volume         = "C76",
      year           = "2016",
      number         = "7",
      pages          = "416",
      doi            = "10.1140/epjc/s10052-016-4211-9",
      eprint         = "1604.06801",
      archivePrefix  = "arXiv",
      primaryClass   = "hep-ph",
      reportNumber   = "FTUAM-16-13, IFT-UAM-CSIC-16-034, YITP-SB-16-14",
      SLACcitation   = "%%CITATION = ARXIV:1604.06801;%%"
}

@phdthesis{Krause:2016uhw,
      author         = "Krause, Claudius G.",
      title          = "{Higgs Effective Field Theories - Systematics and
                        Applications}",
      school         = "Munich U.",
      year           = "2016",
      eprint         = "1610.08537",
      archivePrefix  = "arXiv",
      primaryClass   = "hep-ph",
      reportNumber   = "LMU-ASC-46-16",
      SLACcitation   = "%%CITATION = ARXIV:1610.08537;%%"
}



%%%%%%%%%%%%%%%%%%%%%%%%%%%%%%%%%%%%%%%%%%%%%%%%%%%%%%%%%%%%
% Chiral perturbation theory
%%%%%%%%%%%%%%%%%%%%%%%%%%%%%%%%%%%%%%%%%%%%%%%%%%%%%%%%%%%%

@article{Scherer:2002tk,
      author         = "Scherer, Stefan",
      title          = "{Introduction to chiral perturbation theory}",
      journal        = "Adv. Nucl. Phys.",
      volume         = "27",
      year           = "2003",
      pages          = "277",
      eprint         = "hep-ph/0210398",
      archivePrefix  = "arXiv",
      primaryClass   = "hep-ph",
      reportNumber   = "MKPH-T-02-09",
      SLACcitation   = "%%CITATION = HEP-PH/0210398;%%"
}

@phdthesis{HillerBlin:2016jpb,
      author         = "Hiller Blin, Astrid Nathalie",
      title          = "{Electromagnetic interactions of light hadrons in
                        covariant chiral perturbation theory}",
      school         = "Valencia U., IFIC",
      year           = "2016-11-13",
      url            = "http://roderic.uv.es/bitstream/handle/10550/56957/Tesis.pdf?sequence=1&isAllowed=y",
      SLACcitation   = "%%CITATION = INSPIRE-1514858;%%"
}



%%%%%%%%%%%%%%%%%%%%%%%%%%%%%%%%%%%%%%%%%%%%%%%%%%%%%%%%%%%%
% Simplified models for Higgs physics
%%%%%%%%%%%%%%%%%%%%%%%%%%%%%%%%%%%%%%%%%%%%%%%%%%%%%%%%%%%%

@article{Dolan:2016eki,
      author         = "Dolan, Matthew J. and Hewett, J. L. and Kr{\"a}mer, M. and
                        Rizzo, T. G.",
      title          = "{Simplified Models for Higgs Physics: Singlet Scalar and
                        Vector-like Quark Phenomenology}",
      journal        = "JHEP",
      volume         = "07",
      year           = "2016",
      pages          = "039",
      doi            = "10.1007/JHEP07(2016)039",
      eprint         = "1601.07208",
      archivePrefix  = "arXiv",
      primaryClass   = "hep-ph",
      reportNumber   = "SLAC-PUB-16330, TTK-16-03",
      SLACcitation   = "%%CITATION = ARXIV:1601.07208;%%"
}

@article{Gripaios:2016xuo,
      author         = "Gripaios, Ben and Sutherland, Dave",
      title          = "{An operator basis for the Standard Model with an added
                        scalar singlet}",
      journal        = "JHEP",
      volume         = "08",
      year           = "2016",
      pages          = "103",
      doi            = "10.1007/JHEP08(2016)103",
      eprint         = "1604.07365",
      archivePrefix  = "arXiv",
      primaryClass   = "hep-ph",
      reportNumber   = "CAVENDISH-HEP-16-05, NSF-KITP-16-056",
      SLACcitation   = "%%CITATION = ARXIV:1604.07365;%%"
}

@article{Bauer:2016hcu,
      author         = "Bauer, Martin and Butter, Anja and Gonzalez-Fraile, Juan
                        and Plehn, Tilman and Rauch, Michael",
      title          = "{Learning from the New Higgs-like Scalar before It
                        Vanishes}",
      year           = "2016",
      eprint         = "1607.04562",
      archivePrefix  = "arXiv",
      primaryClass   = "hep-ph",
      SLACcitation   = "%%CITATION = ARXIV:1607.04562;%%"
}



%%%%%%%%%%%%%%%%%%%%%%%%%%%%%%%%%%%%%%%%%%%%%%%%%%%%%%%%%%%%
% EFT validity for Higgs physics: friends
%%%%%%%%%%%%%%%%%%%%%%%%%%%%%%%%%%%%%%%%%%%%%%%%%%%%%%%%%%%%

@article{Biekoetter:2014jwa,
      author         = "Biek{\"o}tter, Anke and Knochel, Alexander and Krämer,
                        Michael and Liu, Da and Riva, Francesco",
      title          = "{Vices and virtues of Higgs effective field theories at
                        large energy}",
      journal        = "Phys. Rev.",
      volume         = "D91",
      year           = "2015",
      pages          = "055029",
      doi            = "10.1103/PhysRevD.91.055029",
      eprint         = "1406.7320",
      archivePrefix  = "arXiv",
      primaryClass   = "hep-ph",
      SLACcitation   = "%%CITATION = ARXIV:1406.7320;%%"
}



%%%%%%%%%%%%%%%%%%%%%%%%%%%%%%%%%%%%%%%%%%%%%%%%%%%%%%%%%%%%
% EFT validity for Higgs physics: others
%%%%%%%%%%%%%%%%%%%%%%%%%%%%%%%%%%%%%%%%%%%%%%%%%%%%%%%%%%%%

@article{Arnesen:2008fb,
      author         = "Arnesen, Christian and Rothstein, Ira Z. and Zupan, Jure",
      title          = "{Smoking Guns for On-Shell New Physics at the LHC}",
      journal        = "Phys. Rev. Lett.",
      volume         = "103",
      year           = "2009",
      pages          = "151801",
      doi            = "10.1103/PhysRevLett.103.151801",
      eprint         = "0809.1429",
      archivePrefix  = "arXiv",
      primaryClass   = "hep-ph",
      SLACcitation   = "%%CITATION = ARXIV:0809.1429;%%"
}

@article{Englert:2014cva,
      author         = "Englert, Christoph and Spannowsky, Michael",
      title          = "{Effective Theories and Measurements at Colliders}",
      journal        = "Phys. Lett.",
      volume         = "B740",
      year           = "2015",
      pages          = "8-15",
      doi            = "10.1016/j.physletb.2014.11.035",
      eprint         = "1408.5147",
      archivePrefix  = "arXiv",
      primaryClass   = "hep-ph",
      reportNumber   = "IPPP-14-77, DCPT-14-154",
      SLACcitation   = "%%CITATION = ARXIV:1408.5147;%%"
}

@article{deVries:2014apa,
      author         = "de Vries, Maikel",
      title          = "{Four-quark effective operators at hadron colliders}",
      journal        = "JHEP",
      volume         = "03",
      year           = "2015",
      pages          = "095",
      doi            = "10.1007/JHEP03(2015)095",
      eprint         = "1409.4657",
      archivePrefix  = "arXiv",
      primaryClass   = "hep-ph",
      reportNumber   = "DESY-14-158",
      SLACcitation   = "%%CITATION = ARXIV:1409.4657;%%"
}

@article{Craig:2014una,
      author         = "Craig, Nathaniel and Farina, Marco and McCullough,
                        Matthew and Perelstein, Maxim",
      title          = "{Precision Higgsstrahlung as a Probe of New Physics}",
      journal        = "JHEP",
      volume         = "03",
      year           = "2015",
      pages          = "146",
      doi            = "10.1007/JHEP03(2015)146",
      eprint         = "1411.0676",
      archivePrefix  = "arXiv",
      primaryClass   = "hep-ph",
      SLACcitation   = "%%CITATION = ARXIV:1411.0676;%%"
}

@article{Dawson:2015gka,
      author         = "Dawson, S. and Lewis, I. M. and Zeng, Mao",
      title          = "{Usefulness of effective field theory for boosted Higgs
                        production}",
      journal        = "Phys. Rev.",
      volume         = "D91",
      year           = "2015",
      pages          = "074012",
      doi            = "10.1103/PhysRevD.91.074012",
      eprint         = "1501.04103",
      archivePrefix  = "arXiv",
      primaryClass   = "hep-ph",
      reportNumber   = "SLAC-PUB-16208",
      SLACcitation   = "%%CITATION = ARXIV:1501.04103;%%"
}

@article{Drozd:2015kva,
      author         = "Drozd, Aleksandra and Ellis, John and Quevillon,
                        J{\'e}r{\'e}mie and You, Tevong",
      title          = "{Comparing EFT and Exact One-Loop Analyses of
                        Non-Degenerate Stops}",
      journal        = "JHEP",
      volume         = "06",
      year           = "2015",
      pages          = "028",
      doi            = "10.1007/JHEP06(2015)028",
      eprint         = "1504.02409",
      archivePrefix  = "arXiv",
      primaryClass   = "hep-ph",
      reportNumber   = "KCL-PH-TH-2015-17, LCTS-2015-08, CERN-PH-TH-2015-072",
      SLACcitation   = "%%CITATION = ARXIV:1504.02409;%%"
}

@article{Edezhath:2015lga,
      author         = "Edezhath, Ralph",
      title          = "{Dimension-6 Operator Constraints from Boosted VBF
                        Higgs}",
      year           = "2015",
      eprint         = "1501.00992",
      archivePrefix  = "arXiv",
      primaryClass   = "hep-ph",
      SLACcitation   = "%%CITATION = ARXIV:1501.00992;%%"
}

@article{Gorbahn:2015gxa,
      author         = "Gorbahn, Martin and No, Jose Miguel and Sanz, Veronica",
      title          = "{Benchmarks for Higgs Effective Theory: Extended Higgs
                        Sectors}",
      journal        = "JHEP",
      volume         = "10",
      year           = "2015",
      pages          = "036",
      doi            = "10.1007/JHEP10(2015)036",
      eprint         = "1502.07352",
      archivePrefix  = "arXiv",
      primaryClass   = "hep-ph",
      SLACcitation   = "%%CITATION = ARXIV:1502.07352;%%"
}

@article{Edelhaeuser:2015zra,
      author         = "Edelh{\"a}user, Lisa and Knochel, Alexander and Steeger,
                        Thomas",
      title          = "{Applying EFT to Higgs Pair Production in Universal Extra
                        Dimensions}",
      journal        = "JHEP",
      volume         = "11",
      year           = "2015",
      pages          = "062",
      doi            = "10.1007/JHEP11(2015)062",
      eprint         = "1503.05078",
      archivePrefix  = "arXiv",
      primaryClass   = "hep-ph",
      SLACcitation   = "%%CITATION = ARXIV:1503.05078;%%"
}




%%%%%%%%%%%%%%%%%%%%%%%%%%%%%%%%%%%%%%%%%%%%%%%%%%%%%%%%%%%%
% Basic LHC physics
%%%%%%%%%%%%%%%%%%%%%%%%%%%%%%%%%%%%%%%%%%%%%%%%%%%%%%%%%%%%

@article{Plehn:2009nd,
      author         = "Plehn, Tilman",
      title          = "{Lectures on LHC Physics}",
      journal        = "Lect. Notes Phys.",
      volume         = "844",
      year           = "2012",
      pages          = "1-193",
      doi            = "10.1007/978-3-642-24040-9",
      eprint         = "0910.4182",
      archivePrefix  = "arXiv",
      primaryClass   = "hep-ph",
      SLACcitation   = "%%CITATION = ARXIV:0910.4182;%%"
}

@article{Englert:2014uua,
      author         = "Englert, C. and Freitas, A. and Mühlleitner, M. M. and
                        Plehn, T. and Rauch, M. and Spira, M. and Walz, K.",
      title          = "{Precision Measurements of Higgs Couplings: Implications
                        for New Physics Scales}",
      journal        = "J. Phys.",
      volume         = "G41",
      year           = "2014",
      pages          = "113001",
      doi            = "10.1088/0954-3899/41/11/113001",
      eprint         = "1403.7191",
      archivePrefix  = "arXiv",
      primaryClass   = "hep-ph",
      reportNumber   = "PSI-PR-14-01, KA-TP-06-2014, SFB-CPP-14-13",
      SLACcitation   = "%%CITATION = ARXIV:1403.7191;%%"
}

@article{Morrissey:2009tf,
      author         = "Morrissey, David E. and Plehn, Tilman and Tait, Tim M.
                        P.",
      title          = "{Physics searches at the LHC}",
      journal        = "Phys. Rept.",
      volume         = "515",
      year           = "2012",
      pages          = "1-113",
      doi            = "10.1016/j.physrep.2012.02.007",
      eprint         = "0912.3259",
      archivePrefix  = "arXiv",
      primaryClass   = "hep-ph",
      reportNumber   = "ANL-HEP-PR-09-114, UCI-TR-2009-17, NUHEP-TH-09-19",
      SLACcitation   = "%%CITATION = ARXIV:0912.3259;%%"
}



%%%%%%%%%%%%%%%%%%%%%%%%%%%%%%%%%%%%%%%%%%%%%%%%%%%%%%%%%%%%
% Arguments for new physics in Higgs observables
%%%%%%%%%%%%%%%%%%%%%%%%%%%%%%%%%%%%%%%%%%%%%%%%%%%%%%%%%%%%

@article{Degrassi:2012ry,
      author         = "Degrassi, Giuseppe and Di Vita, Stefano and Elias-Miro,
                        Joan and Espinosa, Jose R. and Giudice, Gian F. and
                        Isidori, Gino and Strumia, Alessandro",
      title          = "{Higgs mass and vacuum stability in the Standard Model at
                        NNLO}",
      journal        = "JHEP",
      volume         = "08",
      year           = "2012",
      pages          = "098",
      doi            = "10.1007/JHEP08(2012)098",
      eprint         = "1205.6497",
      archivePrefix  = "arXiv",
      primaryClass   = "hep-ph",
      reportNumber   = "CERN-PH-TH-2012-134, RM3-TH-12-9",
      SLACcitation   = "%%CITATION = ARXIV:1205.6497;%%"
}

@article{Plehn:DM,
      author         = "Plehn, Tilman",
      title          = "{Dark Matter from a Particle Theorist's Perspective}",
      year           = "2017",
      url            = "http://www.thphys.uni-heidelberg.de/~plehn/pics/dark_matter.pdf"
}

@article{Eichhorn:2015kea,
      author         = "Eichhorn, Astrid and Gies, Holger and Jaeckel, Joerg and
                        Plehn, Tilman and Scherer, Michael M. and Sondenheimer,
                        Ren{\'e}",
      title          = "{The Higgs Mass and the Scale of New Physics}",
      journal        = "JHEP",
      volume         = "04",
      year           = "2015",
      pages          = "022",
      doi            = "10.1007/JHEP04(2015)022",
      eprint         = "1501.02812",
      archivePrefix  = "arXiv",
      primaryClass   = "hep-ph",
      SLACcitation   = "%%CITATION = ARXIV:1501.02812;%%"
}

@article{Graham:2015cka,
      author         = "Graham, Peter W. and Kaplan, David E. and Rajendran,
                        Surjeet",
      title          = "{Cosmological Relaxation of the Electroweak Scale}",
      journal        = "Phys. Rev. Lett.",
      volume         = "115",
      year           = "2015",
      number         = "22",
      pages          = "221801",
      doi            = "10.1103/PhysRevLett.115.221801",
      eprint         = "1504.07551",
      archivePrefix  = "arXiv",
      primaryClass   = "hep-ph",
      SLACcitation   = "%%CITATION = ARXIV:1504.07551;%%"
}

@article{Arkani-Hamed:2016rle,
      author         = "Arkani-Hamed, Nima and Cohen, Timothy and D'Agnolo,
                        Raffaele Tito and Hook, Anson and Kim, Hyung Do and
                        Pinner, David",
      title          = "{Solving the Hierarchy Problem at Reheating with a Large
                        Number of Degrees of Freedom}",
      journal        = "Phys. Rev. Lett.",
      volume         = "117",
      year           = "2016",
      number         = "25",
      pages          = "251801",
      doi            = "10.1103/PhysRevLett.117.251801",
      eprint         = "1607.06821",
      archivePrefix  = "arXiv",
      primaryClass   = "hep-ph",
      SLACcitation   = "%%CITATION = ARXIV:1607.06821;%%"
}



%%%%%%%%%%%%%%%%%%%%%%%%%%%%%%%%%%%%%%%%%%%%%%%%%%%%%%%%%%%%
% Naturalness vs anthropic principle
%%%%%%%%%%%%%%%%%%%%%%%%%%%%%%%%%%%%%%%%%%%%%%%%%%%%%%%%%%%%

@book{Barrow:1988yia,
      author         = "Barrow, John D. and Tipler, Frank J.",
      title          = "{The Anthropic Cosmological Principle}",
      publisher      = "Oxford U. Pr.",
      address        = "Oxford",
      year           = "1988",
      ISBN           = "0192821474, 9780192821478",
      SLACcitation   = "%%CITATION = INSPIRE-1267732;%%"
}

@article{Giudice:2008bi,
      author         = "Giudice, Gian Francesco",
      title          = "{Naturally Speaking: The Naturalness Criterion and
                        Physics at the LHC}",
      year           = "2008",
      doi            = "10.1142/9789812779762_0010",
      eprint         = "0801.2562",
      archivePrefix  = "arXiv",
      primaryClass   = "hep-ph",
      SLACcitation   = "%%CITATION = ARXIV:0801.2562;%%"
}

@inproceedings{Bardeen:1995kv,
      author         = "Bardeen, William A.",
      title          = "{On naturalness in the standard model}",
      booktitle      = "{Ontake Summer Institute on Particle Physics Ontake
                        Mountain, Japan, August 27-September 2, 1995}",
      url            = "http://lss.fnal.gov/cgi-bin/find_paper.pl?conf-95-391",
      year           = "1995",
      reportNumber   = "FERMILAB-CONF-95-391-T, C95-08-27.3",
      SLACcitation   = "%%CITATION = FERMILAB-CONF-95-391-T;%%"
}

@article{Weinberg:1987dv,
      author         = "Weinberg, Steven",
      title          = "{Anthropic Bound on the Cosmological Constant}",
      journal        = "Phys. Rev. Lett.",
      volume         = "59",
      year           = "1987",
      pages          = "2607",
      doi            = "10.1103/PhysRevLett.59.2607",
      reportNumber   = "UTTG-06-87",
      SLACcitation   = "%%CITATION = PRLTA,59,2607;%%"
}

@article{Agrawal:1997gf,
      author         = "Agrawal, V. and Barr, Stephen M. and Donoghue, John F.
                        and Seckel, D.",
      title          = "{The Anthropic principle and the mass scale of the
                        standard model}",
      journal        = "Phys. Rev.",
      volume         = "D57",
      year           = "1998",
      pages          = "5480-5492",
      doi            = "10.1103/PhysRevD.57.5480",
      eprint         = "hep-ph/9707380",
      archivePrefix  = "arXiv",
      primaryClass   = "hep-ph",
      SLACcitation   = "%%CITATION = HEP-PH/9707380;%%"
}

@article{Harnik:2006vj,
      author         = "Harnik, Roni and Kribs, Graham D. and Perez, Gilad",
      title          = "{A Universe without weak interactions}",
      journal        = "Phys. Rev.",
      volume         = "D74",
      year           = "2006",
      pages          = "035006",
      doi            = "10.1103/PhysRevD.74.035006",
      eprint         = "hep-ph/0604027",
      archivePrefix  = "arXiv",
      primaryClass   = "hep-ph",
      reportNumber   = "SLAC-PUB-11795",
      SLACcitation   = "%%CITATION = HEP-PH/0604027;%%"
}

@article{Clavelli:2006di,
      author         = "Clavelli, L. and White, III, R. E.",
      title          = "{Problems in a weakless universe}",
      year           = "2006",
      eprint         = "hep-ph/0609050",
      archivePrefix  = "arXiv",
      primaryClass   = "hep-ph",
      SLACcitation   = "%%CITATION = HEP-PH/0609050;%%"
}

@article{Donoghue:2009me,
      author         = "Donoghue, John F. and Dutta, Koushik and Ross, Andreas
                        and Tegmark, Max",
      title          = "{Likely values of the Higgs vev}",
      journal        = "Phys. Rev.",
      volume         = "D81",
      year           = "2010",
      pages          = "073003",
      doi            = "10.1103/PhysRevD.81.073003",
      eprint         = "0903.1024",
      archivePrefix  = "arXiv",
      primaryClass   = "hep-ph",
      reportNumber   = "MPP-2009-24",
      SLACcitation   = "%%CITATION = ARXIV:0903.1024;%%"
}

@article{Gedalia:2010iy,
      author         = "Gedalia, Oram and Jenkins, Alejandro and Perez, Gilad",
      title          = "{Why do we observe a weak force? The Hierarchy problem in
                        the multiverse}",
      journal        = "Phys. Rev.",
      volume         = "D83",
      year           = "2011",
      pages          = "115020",
      doi            = "10.1103/PhysRevD.83.115020",
      eprint         = "1010.2626",
      archivePrefix  = "arXiv",
      primaryClass   = "hep-ph",
      SLACcitation   = "%%CITATION = ARXIV:1010.2626;%%"
}

@article{Adams:2015hvd,
      author         = "Adams, Fred C.",
      title          = "{Constraints on Alternate Universes: Stars and habitable
                        planets with different fundamental constants}",
      journal        = "JCAP",
      volume         = "1602",
      year           = "2016",
      number         = "02",
      pages          = "042",
      doi            = "10.1088/1475-7516/2016/02/042",
      eprint         = "1511.06958",
      archivePrefix  = "arXiv",
      primaryClass   = "astro-ph.CO",
      SLACcitation   = "%%CITATION = ARXIV:1511.06958;%%"
}




%%%%%%%%%%%%%%%%%%%%%%%%%%%%%%%%%%%%%%%%%%%%%%%%%%%%%%%%%%%%
% Composite Higgs / dilaton
%%%%%%%%%%%%%%%%%%%%%%%%%%%%%%%%%%%%%%%%%%%%%%%%%%%%%%%%%%%%

@article{Kaplan:1983fs,
      author         = "Kaplan, David B. and Georgi, Howard",
      title          = "{SU(2) x U(1) Breaking by Vacuum Misalignment}",
      journal        = "Phys. Lett.",
      volume         = "B136",
      year           = "1984",
      pages          = "183-186",
      doi            = "10.1016/0370-2693(84)91177-8",
      reportNumber   = "HUTP-83/A069",
      SLACcitation   = "%%CITATION = PHLTA,B136,183;%%"
}

@article{Kaplan:1983sm,
      author         = "Kaplan, David B. and Georgi, Howard and Dimopoulos,
                        Savas",
      title          = "{Composite Higgs Scalars}",
      journal        = "Phys. Lett.",
      volume         = "B136",
      year           = "1984",
      pages          = "187-190",
      doi            = "10.1016/0370-2693(84)91178-X",
      reportNumber   = "HUTP-83/A079",
      SLACcitation   = "%%CITATION = PHLTA,B136,187;%%"
}

@article{Banks:1984gj,
      author         = "Banks, Tom",
      title          = "{CONSTRAINTS ON SU(2) x U(1) BREAKING BY VACUUM
                        MISALIGNMENT}",
      journal        = "Nucl. Phys.",
      volume         = "B243",
      year           = "1984",
      pages          = "125-130",
      doi            = "10.1016/0550-3213(84)90389-4",
      reportNumber   = "Print-84-0314 (IAS,PRINCETON)",
      SLACcitation   = "%%CITATION = NUPHA,B243,125;%%"
}

@article{Agashe:2004rs,
      author         = "Agashe, Kaustubh and Contino, Roberto and Pomarol, Alex",
      title          = "{The Minimal composite Higgs model}",
      journal        = "Nucl. Phys.",
      volume         = "B719",
      year           = "2005",
      pages          = "165-187",
      doi            = "10.1016/j.nuclphysb.2005.04.035",
      eprint         = "hep-ph/0412089",
      archivePrefix  = "arXiv",
      primaryClass   = "hep-ph",
      reportNumber   = "UAB-FT-567",
      SLACcitation   = "%%CITATION = HEP-PH/0412089;%%"
}

@article{Gripaios:2009pe,
      author         = "Gripaios, Ben and Pomarol, Alex and Riva, Francesco and
                        Serra, Javi",
      title          = "{Beyond the Minimal Composite Higgs Model}",
      journal        = "JHEP",
      volume         = "04",
      year           = "2009",
      pages          = "070",
      doi            = "10.1088/1126-6708/2009/04/070",
      eprint         = "0902.1483",
      archivePrefix  = "arXiv",
      primaryClass   = "hep-ph",
      SLACcitation   = "%%CITATION = ARXIV:0902.1483;%%"
}

@article{Halyo:1991pc,
      author         = "Halyo, E.",
      title          = "{Technidilaton or Higgs?}",
      journal        = "Mod. Phys. Lett.",
      volume         = "A8",
      year           = "1993",
      pages          = "275-284",
      doi            = "10.1142/S0217732393000271",
      reportNumber   = "MIT-CTP-1994",
      SLACcitation   = "%%CITATION = MPLAE,A8,275;%%"
}

@article{Goldberger:2008zz,
      author         = "Goldberger, Walter D. and Grinstein, Benjamin and Skiba,
                        Witold",
      title          = "{Distinguishing the Higgs boson from the dilaton at the
                        Large Hadron Collider}",
      journal        = "Phys. Rev. Lett.",
      volume         = "100",
      year           = "2008",
      pages          = "111802",
      doi            = "10.1103/PhysRevLett.100.111802",
      eprint         = "0708.1463",
      archivePrefix  = "arXiv",
      primaryClass   = "hep-ph",
      reportNumber   = "UCSD-PTH-07-09",
      SLACcitation   = "%%CITATION = ARXIV:0708.1463;%%"
}



%%%%%%%%%%%%%%%%%%%%%%%%%%%%%%%%%%%%%%%%%%%%%%%%%%%%%%%%%%%%
% Weak boson fusion
%%%%%%%%%%%%%%%%%%%%%%%%%%%%%%%%%%%%%%%%%%%%%%%%%%%%%%%%%%%%

@article{Rainwater:1998kj,
      author         = "Rainwater, David L. and Zeppenfeld, D. and Hagiwara,
                        Kaoru",
      title          = "{Searching for $H\to\tau^+\tau^-$ in weak boson fusion at
                        the CERN LHC}",
      journal        = "Phys. Rev.",
      volume         = "D59",
      year           = "1998",
      pages          = "014037",
      doi            = "10.1103/PhysRevD.59.014037",
      eprint         = "hep-ph/9808468",
      archivePrefix  = "arXiv",
      primaryClass   = "hep-ph",
      reportNumber   = "MADPH-98-1057, KEK-PREPRINT-98-166, KEK-TH-589",
      SLACcitation   = "%%CITATION = HEP-PH/9808468;%%"
}

@article{Hankele:2006ma,
      author         = "Hankele, V. and Klamke, G. and Zeppenfeld, D. and Figy,
                        T.",
      title          = "{Anomalous Higgs boson couplings in vector boson fusion
                        at the CERN LHC}",
      journal        = "Phys. Rev.",
      volume         = "D74",
      year           = "2006",
      pages          = "095001",
      doi            = "10.1103/PhysRevD.74.095001",
      eprint         = "hep-ph/0609075",
      archivePrefix  = "arXiv",
      primaryClass   = "hep-ph",
      reportNumber   = "KA-TP-09-2006",
      SLACcitation   = "%%CITATION = HEP-PH/0609075;%%"
}

@article{Alwall:2007ed,
      author         = "Alwall, Johan and Rainwater, Dave and Plehn, Tilman",
      title          = "{Same-Sign Charginos and Majorana Neutralinos at the CERN
                        LHC}",
      journal        = "Phys. Rev.",
      volume         = "D76",
      year           = "2007",
      pages          = "055006",
      doi            = "10.1103/PhysRevD.76.055006",
      eprint         = "0706.0536",
      archivePrefix  = "arXiv",
      primaryClass   = "hep-ph",
      reportNumber   = "SLAC-PUB-12579",
      SLACcitation   = "%%CITATION = ARXIV:0706.0536;%%"
}

@article{Hagiwara:2009wt,
      author         = "Hagiwara, Kaoru and Li, Qiang and Mawatari, Kentarou",
      title          = "{Jet angular correlation in vector-boson fusion processes
                        at hadron colliders}",
      journal        = "JHEP",
      volume         = "07",
      year           = "2009",
      pages          = "101",
      doi            = "10.1088/1126-6708/2009/07/101",
      eprint         = "0905.4314",
      archivePrefix  = "arXiv",
      primaryClass   = "hep-ph",
      reportNumber   = "KEK-TH-1219, KA-TP-08-03, SFB-CPP-08-03, HD-THEP-09-6,
                        KIAS-P08016",
      SLACcitation   = "%%CITATION = ARXIV:0905.4314;%%"
}

@article{Englert:2012xt,
      author         = "Englert, Christoph and Goncalves-Netto, Dorival and
                        Mawatari, Kentarou and Plehn, Tilman",
      title          = "{Higgs Quantum Numbers in Weak Boson Fusion}",
      journal        = "JHEP",
      volume         = "01",
      year           = "2013",
      pages          = "148",
      doi            = "10.1007/JHEP01(2013)148",
      eprint         = "1212.0843",
      archivePrefix  = "arXiv",
      primaryClass   = "hep-ph",
      reportNumber   = "IPPP-12-90, DCPT-12-180",
      SLACcitation   = "%%CITATION = ARXIV:1212.0843;%%"
}


%%%%%%%%%%%%%%%%%%%%%%%%%%%%%%%%%%%%%%%%%%%%%%%%%%%%%%%%%%%%
% Resolving Higgs loops, off-shell measurements etc
%%%%%%%%%%%%%%%%%%%%%%%%%%%%%%%%%%%%%%%%%%%%%%%%%%%%%%%%%%%%

@article{Azatov:2014jga,
      author         = "Azatov, Aleksandr and Grojean, Christophe and Paul, Ayan
                        and Salvioni, Ennio",
      title          = "{Taming the off-shell Higgs boson}",
      journal        = "Zh. Eksp. Teor. Fiz.",
      volume         = "147",
      year           = "2015",
      pages          = "410-425",
      doi            = "10.1134/S1063776115030140, 10.7868/S0044451015030039",
      note           = "[J. Exp. Theor. Phys.120,354(2015)]",
      eprint         = "1406.6338",
      archivePrefix  = "arXiv",
      primaryClass   = "hep-ph",
      reportNumber   = "CERN-PH-TH-2014-108",
      SLACcitation   = "%%CITATION = ARXIV:1406.6338;%%"
}

@article{Buschmann:2014sia,
      author         = "Buschmann, Malte and Goncalves, Dorival and Kuttimalai,
                        Silvan and Schonherr, Marek and Krauss, Frank and Plehn,
                        Tilman",
      title          = "{Mass Effects in the Higgs-Gluon Coupling: Boosted vs
                        Off-Shell Production}",
      journal        = "JHEP",
      volume         = "02",
      year           = "2015",
      pages          = "038",
      doi            = "10.1007/JHEP02(2015)038",
      eprint         = "1410.5806",
      archivePrefix  = "arXiv",
      primaryClass   = "hep-ph",
      reportNumber   = "IPPP-14-93, DCPT-14-186",
      SLACcitation   = "%%CITATION = ARXIV:1410.5806;%%"
}

@article{Azatov:2016xik,
      author         = "Azatov, Aleksandr and Grojean, Christophe and Paul, Ayan
                        and Salvioni, Ennio",
      title          = "{Resolving gluon fusion loops at current and future
                        hadron colliders}",
      journal        = "JHEP",
      volume         = "09",
      year           = "2016",
      pages          = "123",
      doi            = "10.1007/JHEP09(2016)123",
      eprint         = "1608.00977",
      archivePrefix  = "arXiv",
      primaryClass   = "hep-ph",
      SLACcitation   = "%%CITATION = ARXIV:1608.00977;%%"
}



%%%%%%%%%%%%%%%%%%%%%%%%%%%%%%%%%%%%%%%%%%%%%%%%%%%%%%%%%%%%
% Loop calculations
%%%%%%%%%%%%%%%%%%%%%%%%%%%%%%%%%%%%%%%%%%%%%%%%%%%%%%%%%%%%

@article{tHooft:1978jhc,
      author         = "'t Hooft, Gerard and Veltman, M. J. G.",
      title          = "{Scalar One Loop Integrals}",
      journal        = "Nucl. Phys.",
      volume         = "B153",
      year           = "1979",
      pages          = "365-401",
      doi            = "10.1016/0550-3213(79)90605-9",
      reportNumber   = "PRINT-79-0134 (UTRECHT)",
      SLACcitation   = "%%CITATION = NUPHA,B153,365;%%"
}

@article{Denner:1991kt,
      author         = "Denner, Ansgar",
      title          = "{Techniques for calculation of electroweak radiative
                        corrections at the one loop level and results for W
                        physics at LEP-200}",
      journal        = "Fortsch. Phys.",
      volume         = "41",
      year           = "1993",
      pages          = "307-420",
      doi            = "10.1002/prop.2190410402",
      eprint         = "0709.1075",
      archivePrefix  = "arXiv",
      primaryClass   = "hep-ph",
      reportNumber   = "PRINT-91-0349 (WURZBURG)",
      SLACcitation   = "%%CITATION = ARXIV:0709.1075;%%"
}




%%%%%%%%%%%%%%%%%%%%%%%%%%%%%%%%%%%%%%%%%%%%%%%%%%%%%%%%%%%%
% Higgs fits by friends
%%%%%%%%%%%%%%%%%%%%%%%%%%%%%%%%%%%%%%%%%%%%%%%%%%%%%%%%%%%%

@article{Corbett:2012ja,
      author         = "Corbett, Tyler and Eboli, O. J. P. and Gonzalez-Fraile,
                        J. and Gonzalez-Garcia, M. C.",
      title          = "{Robust Determination of the Higgs Couplings: Power to
                        the Data}",
      journal        = "Phys. Rev.",
      volume         = "D87",
      year           = "2013",
      pages          = "015022",
      doi            = "10.1103/PhysRevD.87.015022",
      eprint         = "1211.4580",
      archivePrefix  = "arXiv",
      primaryClass   = "hep-ph",
      reportNumber   = "YITP-SB-12-42",
      SLACcitation   = "%%CITATION = ARXIV:1211.4580;%%"
}

@phdthesis{Corbett_thesis,
      author         = "Gonzalez-Fraile, Juan",
      title          = "{On the origin of masses at the LHC}",
      school         = "{Universitat de Barcelona}",
      year           = "2014",
}

@article{Corbett:2015ksa,
      author         = "Corbett, Tyler and Eboli, Oscar J. P. and Goncalves,
                        Dorival and Gonzalez-Fraile, J. and Plehn, Tilman and
                        Rauch, Michael",
      title          = "{The Higgs Legacy of the LHC Run I}",
      journal        = "JHEP",
      volume         = "08",
      year           = "2015",
      pages          = "156",
      doi            = "10.1007/JHEP08(2015)156",
      eprint         = "1505.05516",
      archivePrefix  = "arXiv",
      primaryClass   = "hep-ph",
      reportNumber   = "IPPP-15-32, DCPT-15-64",
      SLACcitation   = "%%CITATION = ARXIV:1505.05516;%%"
}

@article{Corbett:2015mqf,
      author         = "Corbett, Tyler and Eboli, Oscar J. P. and Goncalves,
                        Dorival and Gonzalez-Fraile, J. and Plehn, Tilman and
                        Rauch, Michael",
      title          = "{The Non-Linear Higgs Legacy of the LHC Run I}",
      year           = "2015",
      eprint         = "1511.08188",
      archivePrefix  = "arXiv",
      primaryClass   = "hep-ph",
      reportNumber   = "IPPP-15-69, DCPT-15-138",
      SLACcitation   = "%%CITATION = ARXIV:1511.08188;%%"
}

@article{Butter:2016cvz,
      author         = "Butter, Anja and Éboli, Oscar J. P. and Gonzalez-Fraile,
                        J. and Gonzalez-Garcia, M. C. and Plehn, Tilman and Rauch,
                        Michael",
      title          = "{The Gauge-Higgs Legacy of the LHC Run I}",
      journal        = "JHEP",
      volume         = "07",
      year           = "2016",
      pages          = "152",
      doi            = "10.1007/JHEP07(2016)152",
      eprint         = "1604.03105",
      archivePrefix  = "arXiv",
      primaryClass   = "hep-ph",
      reportNumber   = "YITP-SB-16-10",
      SLACcitation   = "%%CITATION = ARXIV:1604.03105;%%"
}

@article{Klute:2012pu,
      author         = "Klute, Markus and Lafaye, Remi and Plehn, Tilman and
                        Rauch, Michael and Zerwas, Dirk",
      title          = "{Measuring Higgs Couplings from LHC Data}",
      journal        = "Phys. Rev. Lett.",
      volume         = "109",
      year           = "2012",
      pages          = "101801",
      doi            = "10.1103/PhysRevLett.109.101801",
      eprint         = "1205.2699",
      archivePrefix  = "arXiv",
      primaryClass   = "hep-ph",
      reportNumber   = "KA-TP-19-2012, SFB-CPP-12-27",
      SLACcitation   = "%%CITATION = ARXIV:1205.2699;%%"
}

@article{Lopez-Val:2013yba,
      author         = "L{\'o}pez-Val, David and Plehn, Tilman and Rauch, Michael",
      title          = "{Measuring extended Higgs sectors as a consistent free
                        couplings model}",
      journal        = "JHEP",
      volume         = "10",
      year           = "2013",
      pages          = "134",
      doi            = "10.1007/JHEP10(2013)134",
      eprint         = "1308.1979",
      archivePrefix  = "arXiv",
      primaryClass   = "hep-ph",
      SLACcitation   = "%%CITATION = ARXIV:1308.1979;%%"
}




%%%%%%%%%%%%%%%%%%%%%%%%%%%%%%%%%%%%%%%%%%%%%%%%%%%%%%%%%%%%
% Higgs fits by others
%%%%%%%%%%%%%%%%%%%%%%%%%%%%%%%%%%%%%%%%%%%%%%%%%%%%%%%%%%%%

@article{Dobrescu:2012td,
      author         = "Dobrescu, Bogdan A. and Lykken, Joseph D.",
      title          = "{Coupling spans of the Higgs-like boson}",
      journal        = "JHEP",
      volume         = "02",
      year           = "2013",
      pages          = "073",
      doi            = "10.1007/JHEP02(2013)073",
      eprint         = "1210.3342",
      archivePrefix  = "arXiv",
      primaryClass   = "hep-ph",
      reportNumber   = "FERMILAB-PUB-12-557-T",
      SLACcitation   = "%%CITATION = ARXIV:1210.3342;%%"
}

@article{Cheung:2013kla,
      author         = "Cheung, Kingman and Lee, Jae Sik and Tseng, Po-Yan",
      title          = "{Higgs Precision (Higgcision) Era begins}",
      journal        = "JHEP",
      volume         = "05",
      year           = "2013",
      pages          = "134",
      doi            = "10.1007/JHEP05(2013)134",
      eprint         = "1302.3794",
      archivePrefix  = "arXiv",
      primaryClass   = "hep-ph",
      SLACcitation   = "%%CITATION = ARXIV:1302.3794;%%"
}

@article{Giardino:2013bma,
      author         = "Giardino, Pier Paolo and Kannike, Kristjan and Masina,
                        Isabella and Raidal, Martti and Strumia, Alessandro",
      title          = "{The universal Higgs fit}",
      journal        = "JHEP",
      volume         = "05",
      year           = "2014",
      pages          = "046",
      doi            = "10.1007/JHEP05(2014)046",
      eprint         = "1303.3570",
      archivePrefix  = "arXiv",
      primaryClass   = "hep-ph",
      reportNumber   = "CERN-PH-TH-2013-052, IFUP-TH",
      SLACcitation   = "%%CITATION = ARXIV:1303.3570;%%"
}

@article{Chang:2013cia,
      author         = "Chang, We-Fu and Pan, Wei-Ping and Xu, Fanrong",
      title          = "{Effective gauge-Higgs operators analysis of new physics
                        associated with the Higgs boson}",
      journal        = "Phys. Rev.",
      volume         = "D88",
      year           = "2013",
      number         = "3",
      pages          = "033004",
      doi            = "10.1103/PhysRevD.88.033004",
      eprint         = "1303.7035",
      archivePrefix  = "arXiv",
      primaryClass   = "hep-ph",
      SLACcitation   = "%%CITATION = ARXIV:1303.7035;%%"
}

@article{Djouadi:2013qya,
      author         = "Djouadi, Abdelhak and Moreau, Grégory",
      title          = "{The couplings of the Higgs boson and its CP properties
                        from fits of the signal strengths and their ratios at the
                        7+8 TeV LHC}",
      journal        = "Eur. Phys. J.",
      volume         = "C73",
      year           = "2013",
      number         = "9",
      pages          = "2512",
      doi            = "10.1140/epjc/s10052-013-2512-9",
      eprint         = "1303.6591",
      archivePrefix  = "arXiv",
      primaryClass   = "hep-ph",
      reportNumber   = "LPT-ORSAY-13-19",
      SLACcitation   = "%%CITATION = ARXIV:1303.6591;%%"
}

@article{Bechtle:2015pma,
      author         = "Bechtle, Philip and Heinemeyer, Sven and Stal, Oscar and
                        Stefaniak, Tim and Weiglein, Georg",
      title          = "{Applying Exclusion Likelihoods from LHC Searches to
                        Extended Higgs Sectors}",
      journal        = "Eur. Phys. J.",
      volume         = "C75",
      year           = "2015",
      number         = "9",
      pages          = "421",
      doi            = "10.1140/epjc/s10052-015-3650-z",
      eprint         = "1507.06706",
      archivePrefix  = "arXiv",
      primaryClass   = "hep-ph",
      reportNumber   = "BONN-TH-2015-08, DESY-15-093, SCIPP-15-05",
      SLACcitation   = "%%CITATION = ARXIV:1507.06706;%%"
}

@article{Bechtle:2014ewa,
      author         = "Bechtle, Philip and Heinemeyer, Sven and Stål, Oscar and
                        Stefaniak, Tim and Weiglein, Georg",
      title          = "{Probing the Standard Model with Higgs signal rates from
                        the Tevatron, the LHC and a future ILC}",
      journal        = "JHEP",
      volume         = "11",
      year           = "2014",
      pages          = "039",
      doi            = "10.1007/JHEP11(2014)039",
      eprint         = "1403.1582",
      archivePrefix  = "arXiv",
      primaryClass   = "hep-ph",
      reportNumber   = "DESY-14-026, BONN-TH-2014-05",
      SLACcitation   = "%%CITATION = ARXIV:1403.1582;%%"
}

@article{Belanger:2013xza,
      author         = "Belanger, G. and Dumont, B. and Ellwanger, U. and Gunion,
                        J. F. and Kraml, S.",
      title          = "{Global fit to Higgs signal strengths and couplings and
                        implications for extended Higgs sectors}",
      journal        = "Phys. Rev.",
      volume         = "D88",
      year           = "2013",
      pages          = "075008",
      doi            = "10.1103/PhysRevD.88.075008",
      eprint         = "1306.2941",
      archivePrefix  = "arXiv",
      primaryClass   = "hep-ph",
      reportNumber   = "LAPTH-032-13, LPSC1319, LPT-ORSAY-13-40, UCD-2013-3",
      SLACcitation   = "%%CITATION = ARXIV:1306.2941;%%"
}

@article{Bernon:2014vta,
      author         = "Bernon, Jeremy and Dumont, Beranger and Kraml, Sabine",
      title          = "{Status of Higgs couplings after run 1 of the LHC}",
      journal        = "Phys. Rev.",
      volume         = "D90",
      year           = "2014",
      pages          = "071301",
      doi            = "10.1103/PhysRevD.90.071301",
      eprint         = "1409.1588",
      archivePrefix  = "arXiv",
      primaryClass   = "hep-ph",
      SLACcitation   = "%%CITATION = ARXIV:1409.1588;%%"
}






%%%%%%%%%%%%%%%%%%%%%%%%%%%%%%%%%%%%%%%%%%%%%%%%%%%%%%%%%%%%
% Theory uncertainties
%%%%%%%%%%%%%%%%%%%%%%%%%%%%%%%%%%%%%%%%%%%%%%%%%%%%%%%%%%%%

@article{Berthier:2015gja,
      author         = "Berthier, Laure and Trott, Michael",
      title          = "{Consistent constraints on the Standard Model Effective
                        Field Theory}",
      journal        = "JHEP",
      volume         = "02",
      year           = "2016",
      pages          = "069",
      doi            = "10.1007/JHEP02(2016)069",
      eprint         = "1508.05060",
      archivePrefix  = "arXiv",
      primaryClass   = "hep-ph",
      SLACcitation   = "%%CITATION = ARXIV:1508.05060;%%"
}

@article{Cranmer:2013hia,
      author         = "Cranmer, Kyle and Kreiss, Sven and Lopez-Val, David and
                        Plehn, Tilman",
      title          = "{Decoupling Theoretical Uncertainties from Measurements
                        of the Higgs Boson}",
      journal        = "Phys. Rev.",
      volume         = "D91",
      year           = "2015",
      number         = "5",
      pages          = "054032",
      doi            = "10.1103/PhysRevD.91.054032",
      eprint         = "1401.0080",
      archivePrefix  = "arXiv",
      primaryClass   = "hep-ph",
      SLACcitation   = "%%CITATION = ARXIV:1401.0080;%%"
}

@article{Fichet:2015xla,
      author         = "Fichet, Sylvain and Moreau, Gr{\'e}gory",
      title          = "{Anatomy of the Higgs fits: a first guide to statistical
                        treatments of the theoretical uncertainties}",
      journal        = "Nucl. Phys.",
      volume         = "B905",
      year           = "2016",
      pages          = "391-446",
      doi            = "10.1016/j.nuclphysb.2016.02.019",
      eprint         = "1509.00472",
      archivePrefix  = "arXiv",
      primaryClass   = "hep-ph",
      reportNumber   = "LPT-ORSAY-15-62",
      SLACcitation   = "%%CITATION = ARXIV:1509.00472;%%"
}




%%%%%%%%%%%%%%%%%%%%%%%%%%%%%%%%%%%%%%%%%%%%%%%%%%%%%%%%%%%%
% Statistics general
%%%%%%%%%%%%%%%%%%%%%%%%%%%%%%%%%%%%%%%%%%%%%%%%%%%%%%%%%%%%

@article{Cowan:2010js,
      author         = "Cowan, Glen and Cranmer, Kyle and Gross, Eilam and
                        Vitells, Ofer",
      title          = "{Asymptotic formulae for likelihood-based tests of new
                        physics}",
      journal        = "Eur. Phys. J.",
      volume         = "C71",
      year           = "2011",
      pages          = "1554",
      doi            = "10.1140/epjc/s10052-011-1554-0,
                        10.1140/epjc/s10052-013-2501-z",
      note           = "[Erratum: Eur. Phys. J.C73,2501(2013)]",
      eprint         = "1007.1727",
      archivePrefix  = "arXiv",
      primaryClass   = "physics.data-an",
      SLACcitation   = "%%CITATION = ARXIV:1007.1727;%%"
}

@article{Wilks:1938dza,
      author         = "Wilks, S. S.",
      title          = "{The Large-Sample Distribution of the Likelihood Ratio
                        for Testing Composite Hypotheses}",
      journal        = "Annals Math. Statist.",
      volume         = "9",
      year           = "1938",
      number         = "1",
      pages          = "60-62",
      doi            = "10.1214/aoms/1177732360",
      SLACcitation   = "%%CITATION = AASTA,9,60;%%"
}

@inproceedings{Cranmer:2015nia,
      author         = "Cranmer, Kyle",
      title          = "{Practical Statistics for the LHC}",
      booktitle      = "{Proceedings, 2011 European School of High-Energy Physics
                        (ESHEP 2011): Cheile Gradistei, Romania, September 7-20,
                        2011}",
      year           = "2015",
      url            = "http://inspirehep.net/record/1356277/files/arXiv:1503.07622.pdf",
      pages          = "267-308",
      doi            = "10.5170/CERN-2015-001.247, 10.5170/CERN-2014-003.267",
      note           = "[,247(2015)]",
      eprint         = "1503.07622",
      archivePrefix  = "arXiv",
      primaryClass   = "physics.data-an",
      SLACcitation   = "%%CITATION = ARXIV:1503.07622;%%"
}




%%%%%%%%%%%%%%%%%%%%%%%%%%%%%%%%%%%%%%%%%%%%%%%%%%%%%%%%%%%%
% Information geometry and Cramer-Rao bound
%%%%%%%%%%%%%%%%%%%%%%%%%%%%%%%%%%%%%%%%%%%%%%%%%%%%%%%%%%%%

@article{Rao:1945,
    AUTHOR = {Radhakrishna Rao, C.},
     TITLE = {Information and the accuracy attainable in the estimation of
              statistical parameters},
   JOURNAL = {Bull. Calcutta Math. Soc.},
  FJOURNAL = {Bulletin of the Calcutta Mathematical Society},
    VOLUME = {37},
      YEAR = {1945},
     PAGES = {81--91},
      ISSN = {0008-0659}
}

@book{Cramer:1946,
  title={Mathematical Methods of Statistics},
  author={Cram{\'e}r, H.},
  isbn={0691080046},
  year={1946},
  publisher={Princeton University Press}
}

@book{Rao:1994,
  title={Selected papers of C.R. Rao},
  author={Rao, C.R. and Das Gupta, S.},
  number={v. 1},
  isbn={9780470220917},
  lccn={lc93010974},
  series={Selected Papers of C.R. Rao},
  year={1994},
  publisher={Wiley}
}




%%%%%%%%%%%%%%%%%%%%%%%%%%%%%%%%%%%%%%%%%%%%%%%%%%%%%%%%%%%%
% Multivariate stuff
%%%%%%%%%%%%%%%%%%%%%%%%%%%%%%%%%%%%%%%%%%%%%%%%%%%%%%%%%%%%

@article{Kondo:1988yd,
      author         = "Kondo, K.",
      title          = "{Dynamical Likelihood Method for Reconstruction of Events
                        With Missing Momentum. 1: Method and Toy Models}",
      journal        = "J. Phys. Soc. Jap.",
      volume         = "57",
      year           = "1988",
      pages          = "4126-4140",
      doi            = "10.1143/JPSJ.57.4126",
      SLACcitation   = "%%CITATION = JUPSA,57,4126;%%"
}

@article{Atwood:1991ka,
      author         = "Atwood, D. and Soni, A.",
      title          = "{Analysis for magnetic moment and electric dipole moment
                        form-factors of the top quark via e+ e- ---> t anti-t}",
      journal        = "Phys. Rev.",
      volume         = "D45",
      year           = "1992",
      pages          = "2405-2413",
      doi            = "10.1103/PhysRevD.45.2405",
      reportNumber   = "BNL-46892",
      SLACcitation   = "%%CITATION = PHRVA,D45,2405;%%"
}

@article{Gao:2010qx,
      author         = "Gao, Yanyan and Gritsan, Andrei V. and Guo, Zijin and
                        Melnikov, Kirill and Schulze, Markus and Tran, Nhan V.",
      title          = "{Spin determination of single-produced resonances at
                        hadron colliders}",
      journal        = "Phys. Rev.",
      volume         = "D81",
      year           = "2010",
      pages          = "075022",
      doi            = "10.1103/PhysRevD.81.075022",
      eprint         = "1001.3396",
      archivePrefix  = "arXiv",
      primaryClass   = "hep-ph",
      reportNumber   = "FERMILAB-PUB-10-011-E",
      SLACcitation   = "%%CITATION = ARXIV:1001.3396;%%"
}

@article{Bolognesi:2012mm,
      author         = "Bolognesi, Sara and Gao, Yanyan and Gritsan, Andrei V.
                        and Melnikov, Kirill and Schulze, Markus and Tran, Nhan V.
                        and Whitbeck, Andrew",
      title          = "{On the spin and parity of a single-produced resonance at
                        the LHC}",
      journal        = "Phys. Rev.",
      volume         = "D86",
      year           = "2012",
      pages          = "095031",
      doi            = "10.1103/PhysRevD.86.095031",
      eprint         = "1208.4018",
      archivePrefix  = "arXiv",
      primaryClass   = "hep-ph",
      reportNumber   = "ANL-HEP-PR-12-62, FERMILAB-PUB-12-475-PPD",
      SLACcitation   = "%%CITATION = ARXIV:1208.4018;%%"
}



@article{Martini:2015fsa,
      author         = "Martini, Till and Uwer, Peter",
      title          = "{Extending the Matrix Element Method beyond the Born
                        approximation: Calculating event weights at
                        next-to-leading order accuracy}",
      journal        = "JHEP",
      volume         = "09",
      year           = "2015",
      pages          = "083",
      doi            = "10.1007/JHEP09(2015)083",
      eprint         = "1506.08798",
      archivePrefix  = "arXiv",
      primaryClass   = "hep-ph",
      reportNumber   = "HU-EP-15-28",
      SLACcitation   = "%%CITATION = ARXIV:1506.08798;%%"
}

@article{Gritsan:2016hjl,
      author         = "Gritsan, Andrei V. and R{\"o}ntsch, Raoul and Schulze,
                        Markus and Xiao, Meng",
      title          = "{Constraining anomalous Higgs boson couplings to the
                        heavy flavor fermions using matrix element techniques}",
      journal        = "Phys. Rev.",
      volume         = "D94",
      year           = "2016",
      number         = "5",
      pages          = "055023",
      doi            = "10.1103/PhysRevD.94.055023",
      eprint         = "1606.03107",
      archivePrefix  = "arXiv",
      primaryClass   = "hep-ph",
      reportNumber   = "TTP16-020, CERN-TH-2016-135",
      SLACcitation   = "%%CITATION = ARXIV:1606.03107;%%"
}

@article{Cranmer:2015bka,
      author         = "Cranmer, Kyle and Pavez, Juan and Louppe, Gilles",
      title          = "{Approximating Likelihood Ratios with Calibrated
                        Discriminative  Classifiers}",
      year           = "2015",
      eprint         = "1506.02169",
      archivePrefix  = "arXiv",
      primaryClass   = "stat.AP",
      SLACcitation   = "%%CITATION = ARXIV:1506.02169;%%"
}



%%%%%%%%%%%%%%%%%%%%%%%%%%%%%%%%%%%%%%%%%%%%%%%%%%%%%%%%%%%%
% DM EFT validity
%%%%%%%%%%%%%%%%%%%%%%%%%%%%%%%%%%%%%%%%%%%%%%%%%%%%%%%%%%%%

@article{Shoemaker:2011vi,
      author         = "Shoemaker, Ian M. and Vecchi, Luca",
      title          = "{Unitarity and Monojet Bounds on Models for DAMA, CoGeNT,
                        and CRESST-II}",
      journal        = "Phys. Rev.",
      volume         = "D86",
      year           = "2012",
      pages          = "015023",
      doi            = "10.1103/PhysRevD.86.015023",
      eprint         = "1112.5457",
      archivePrefix  = "arXiv",
      primaryClass   = "hep-ph",
      reportNumber   = "LA-UR-11-12298",
      SLACcitation   = "%%CITATION = ARXIV:1112.5457;%%"
}

@article{Busoni:2013lha,
      author         = "Busoni, Giorgio and De Simone, Andrea and Morgante,
                        Enrico and Riotto, Antonio",
      title          = "{On the Validity of the Effective Field Theory for Dark
                        Matter Searches at the LHC}",
      journal        = "Phys. Lett.",
      volume         = "B728",
      year           = "2014",
      pages          = "412-421",
      doi            = "10.1016/j.physletb.2013.11.069",
      eprint         = "1307.2253",
      archivePrefix  = "arXiv",
      primaryClass   = "hep-ph",
      reportNumber   = "CERN-PH-TH-2013-151, SISSA-29-2013-FISI",
      SLACcitation   = "%%CITATION = ARXIV:1307.2253;%%"
}

@article{Busoni:2014sya,
      author         = "Busoni, Giorgio and De Simone, Andrea and Gramling,
                        Johanna and Morgante, Enrico and Riotto, Antonio",
      title          = "{On the Validity of the Effective Field Theory for Dark
                        Matter Searches at the LHC, Part II: Complete Analysis for
                        the $s$-channel}",
      journal        = "JCAP",
      volume         = "1406",
      year           = "2014",
      pages          = "060",
      doi            = "10.1088/1475-7516/2014/06/060",
      eprint         = "1402.1275",
      archivePrefix  = "arXiv",
      primaryClass   = "hep-ph",
      reportNumber   = "SISSA-04-2014-FISI",
      SLACcitation   = "%%CITATION = ARXIV:1402.1275;%%"
}

@article{Buchmueller:2013dya,
      author         = "Buchmueller, O. and Dolan, Matthew J. and McCabe,
                        Christopher",
      title          = "{Beyond Effective Field Theory for Dark Matter Searches
                        at the LHC}",
      journal        = "JHEP",
      volume         = "01",
      year           = "2014",
      pages          = "025",
      doi            = "10.1007/JHEP01(2014)025",
      eprint         = "1308.6799",
      archivePrefix  = "arXiv",
      primaryClass   = "hep-ph",
      reportNumber   = "IPPP-13-63, DCPT-13-128",
      SLACcitation   = "%%CITATION = ARXIV:1308.6799;%%"
}

@article{Racco:2015dxa,
      author         = "Racco, Davide and Wulzer, Andrea and Zwirner, Fabio",
      title          = "{Robust collider limits on heavy-mediator Dark Matter}",
      journal        = "JHEP",
      volume         = "05",
      year           = "2015",
      pages          = "009",
      doi            = "10.1007/JHEP05(2015)009",
      eprint         = "1502.04701",
      archivePrefix  = "arXiv",
      primaryClass   = "hep-ph",
      reportNumber   = "CERN-PH-TH-2015-014, DFPD-2015-TH-05",
      SLACcitation   = "%%CITATION = ARXIV:1502.04701;%%"
}

@article{Bauer:2016pug,
      author         = "Bauer, Martin and Butter, Anja and Desai, Nishita and
                        Gonzalez-Fraile, Juan and Plehn, Tilman",
      title          = "{On the Validity of Dark Matter Effective Theory}",
      year           = "2016",
      eprint         = "1611.09908",
      archivePrefix  = "arXiv",
      primaryClass   = "hep-ph",
      SLACcitation   = "%%CITATION = ARXIV:1611.09908;%%"
}



%%%%%%%%%%%%%%%%%%%%%%%%%%%%%%%%%%%%%%%%%%%%%%%%%%%%%%%%%%%%
% MadMax
%%%%%%%%%%%%%%%%%%%%%%%%%%%%%%%%%%%%%%%%%%%%%%%%%%%%%%%%%%%%

@article{Cranmer:2006zs,
      author         = "Cranmer, Kyle and Plehn, Tilman",
      title          = "{Maximum significance at the LHC and Higgs decays to
                        muons}",
      journal        = "Eur. Phys. J.",
      volume         = "C51",
      year           = "2007",
      pages          = "415-420",
      doi            = "10.1140/epjc/s10052-007-0309-4",
      eprint         = "hep-ph/0605268",
      archivePrefix  = "arXiv",
      primaryClass   = "hep-ph",
      reportNumber   = "MPP-2006-43",
      SLACcitation   = "%%CITATION = HEP-PH/0605268;%%"
}

@article{Plehn:2013paa,
      author         = "Plehn, Tilman and Schichtel, Peter and Wiegand, Daniel",
      title          = "{Where boosted significances come from}",
      journal        = "Phys. Rev.",
      volume         = "D89",
      year           = "2014",
      number         = "5",
      pages          = "054002",
      doi            = "10.1103/PhysRevD.89.054002",
      eprint         = "1311.2591",
      archivePrefix  = "arXiv",
      primaryClass   = "hep-ph",
      SLACcitation   = "%%CITATION = ARXIV:1311.2591;%%"
}

@article{Kling:2016lay,
      author         = "Kling, Felix and Plehn, Tilman and Schichtel, Peter",
      title          = "{Mad-Maximized Higgs Pair Analyses}",
      journal        = "Submitted to: Phys. Rev. D",
      year           = "2016",
      eprint         = "1607.07441",
      archivePrefix  = "arXiv",
      primaryClass   = "hep-ph",
      reportNumber   = "FERMILAB-PUB-16-267-T, IPPP-16-72, MCNET-16-28",
      SLACcitation   = "%%CITATION = ARXIV:1607.07441;%%"
}




%%%%%%%%%%%%%%%%%%%%%%%%%%%%%%%%%%%%%%%%%%%%%%%%%%%%%%%%%%%%
% Event generators
%%%%%%%%%%%%%%%%%%%%%%%%%%%%%%%%%%%%%%%%%%%%%%%%%%%%%%%%%%%%

@article{Alwall:2014hca,
      author         = "Alwall, J. and Frederix, R. and Frixione, S. and Hirschi,
                        V. and Maltoni, F. and Mattelaer, O. and Shao, H. -S. and
                        Stelzer, T. and Torrielli, P. and Zaro, M.",
      title          = "{The automated computation of tree-level and
                        next-to-leading order differential cross sections, and
                        their matching to parton shower simulations}",
      journal        = "JHEP",
      volume         = "07",
      year           = "2014",
      pages          = "079",
      doi            = "10.1007/JHEP07(2014)079",
      eprint         = "1405.0301",
      archivePrefix  = "arXiv",
      primaryClass   = "hep-ph",
      reportNumber   = "CERN-PH-TH-2014-064, CP3-14-18, LPN14-066, MCNET-14-09,
                        ZU-TH-14-14",
      SLACcitation   = "%%CITATION = ARXIV:1405.0301;%%"
}



%%%%%%%%%%%%%%%%%%%%%%%%%%%%%%%%%%%%%%%%%%%%%%%%%%%%%%%%%%%%
% PDFs
%%%%%%%%%%%%%%%%%%%%%%%%%%%%%%%%%%%%%%%%%%%%%%%%%%%%%%%%%%%%

@article{Pumplin:2002vw,
      author         = "Pumplin, J. and Stump, D. R. and Huston, J. and Lai, H.
                        L. and Nadolsky, Pavel M. and Tung, W. K.",
      title          = "{New generation of parton distributions with
                        uncertainties from global QCD analysis}",
      journal        = "JHEP",
      volume         = "07",
      year           = "2002",
      pages          = "012",
      doi            = "10.1088/1126-6708/2002/07/012",
      eprint         = "hep-ph/0201195",
      archivePrefix  = "arXiv",
      primaryClass   = "hep-ph",
      reportNumber   = "MSU-HEP-011101",
      SLACcitation   = "%%CITATION = HEP-PH/0201195;%%"
}



%%%%%%%%%%%%%%%%%%%%%%%%%%%%%%%%%%%%%%%%%%%%%%%%%%%%%%%%%%%%
% FeynRules
%%%%%%%%%%%%%%%%%%%%%%%%%%%%%%%%%%%%%%%%%%%%%%%%%%%%%%%%%%%%

@article{Alloul:2013bka,
      author         = "Alloul, Adam and Christensen, Neil D. and Degrande,
                        Céline and Duhr, Claude and Fuks, Benjamin",
      title          = "{FeynRules  2.0 - A complete toolbox for tree-level
                        phenomenology}",
      journal        = "Comput. Phys. Commun.",
      volume         = "185",
      year           = "2014",
      pages          = "2250-2300",
      doi            = "10.1016/j.cpc.2014.04.012",
      eprint         = "1310.1921",
      archivePrefix  = "arXiv",
      primaryClass   = "hep-ph",
      reportNumber   = "CERN-PH-TH-2013-239, MCNET-13-14, IPPP-13-71,
                        DCPT-13-142, --PITT-PACC-1308",
      SLACcitation   = "%%CITATION = ARXIV:1310.1921;%%"
}

@article{Degrande:2011ua,
      author         = "Degrande, Celine and Duhr, Claude and Fuks, Benjamin and
                        Grellscheid, David and Mattelaer, Olivier and Reiter,
                        Thomas",
      title          = "{UFO - The Universal FeynRules Output}",
      journal        = "Comput. Phys. Commun.",
      volume         = "183",
      year           = "2012",
      pages          = "1201-1214",
      doi            = "10.1016/j.cpc.2012.01.022",
      eprint         = "1108.2040",
      archivePrefix  = "arXiv",
      primaryClass   = "hep-ph",
      reportNumber   = "CP3-11-25, IPHC-PHENO-11-04, IPPP-11-39, DCPT-11-78,
                        MPP-2011-68",
      SLACcitation   = "%%CITATION = ARXIV:1108.2040;%%"
}



%%%%%%%%%%%%%%%%%%%%%%%%%%%%%%%%%%%%%%%%%%%%%%%%%%%%%%%%%%%%
% Other tools
%%%%%%%%%%%%%%%%%%%%%%%%%%%%%%%%%%%%%%%%%%%%%%%%%%%%%%%%%%%%

@article{Djouadi:1997yw,
      author         = "Djouadi, A. and Kalinowski, J. and Spira, M.",
      title          = "{HDECAY: A Program for Higgs boson decays in the standard
                        model and its supersymmetric extension}",
      journal        = "Comput. Phys. Commun.",
      volume         = "108",
      year           = "1998",
      pages          = "56-74",
      doi            = "10.1016/S0010-4655(97)00123-9",
      eprint         = "hep-ph/9704448",
      archivePrefix  = "arXiv",
      primaryClass   = "hep-ph",
      reportNumber   = "DESY-97-079, IFT-96-29, PM-97-04",
      SLACcitation   = "%%CITATION = HEP-PH/9704448;%%"
}




%%%%%%%%%%%%%%%%%%%%%%%%%%%%%%%%%%%%%%%%%%%%%%%%%%%%%%%%%%%%
% Chapter quotes
%%%%%%%%%%%%%%%%%%%%%%%%%%%%%%%%%%%%%%%%%%%%%%%%%%%%%%%%%%%%

@book{carroll1898alice,
  title={Alice's Adventures in Wonderland},
  author={Carroll, L.},
  year={1865},
  publisher={Macmillan}
}

@book{box1987empirical,
  title={Empirical model-building and response surfaces},
  author={Box, G.E.P. and Draper, N.R.},
  isbn={9780471810339},
  series={Wiley series in probability and mathematical statistics: Applied probability and statistics},
  year={1987},
  publisher={Wiley}
}

@misc{berlin_blueskies,
  title={Blue Skies},
  author={Berlin, Irving},
  year={1926}
}

@misc{plehn_defense,
  howpublished="private communication",
  author={Plehn, Tilman},
  year={2017}
}

@book{martin1997game,
  title={A Game of Thrones},
  author={Martin, G.R.R.},
  isbn={9780553573404},
  lccn={95043936},
  series={A Bantam spectra book: Fantasy},
  year={1997},
  publisher={Bantam Books}
}

@misc{cullum_twentysomething,
  title={Twentysomething},
  author={Cullum, J.},
  year={2003},
}

@book{allen1971getting,
  title={Getting even},
  author={Allen, W.},
  isbn={9780394473482},
  lccn={70162954},
  year={1971},
  publisher={Random House}
}
