
%%%%%%%%%%%%%%%%%%%%%%%%%%%%%%%%%%%%%%%%%%%%%%%%%%%%%%%%%%%%
% EFT original
%%%%%%%%%%%%%%%%%%%%%%%%%%%%%%%%%%%%%%%%%%%%%%%%%%%%%%%%%%%%

@article{Weinberg:1980wa,
      author         = "Weinberg, Steven",
      title          = "{Effective Gauge Theories}",
      journal        = "Phys. Lett.",
      volume         = "B91",
      year           = "1980",
      pages          = "51-55",
      doi            = "10.1016/0370-2693(80)90660-7",
      reportNumber   = "HUTP-80/A001",
      SLACcitation   = "%%CITATION = PHLTA,B91,51;%%"
}

@article{Coleman:1969sm,
      author         = "Coleman, Sidney R. and Wess, J. and Zumino, Bruno",
      title          = "{Structure of phenomenological Lagrangians. 1.}",
      journal        = "Phys. Rev.",
      volume         = "177",
      year           = "1969",
      pages          = "2239-2247",
      doi            = "10.1103/PhysRev.177.2239",
      SLACcitation   = "%%CITATION = PHRVA,177,2239;%%"
}

@article{Callan:1969sn,
      author         = "Callan, Jr., Curtis G. and Coleman, Sidney R. and Wess,
                        J. and Zumino, Bruno",
      title          = "{Structure of phenomenological Lagrangians. 2.}",
      journal        = "Phys. Rev.",
      volume         = "177",
      year           = "1969",
      pages          = "2247-2250",
      doi            = "10.1103/PhysRev.177.2247",
      SLACcitation   = "%%CITATION = PHRVA,177,2247;%%"
}




%%%%%%%%%%%%%%%%%%%%%%%%%%%%%%%%%%%%%%%%%%%%%%%%%%%%%%%%%%%%
% EFT lectures
%%%%%%%%%%%%%%%%%%%%%%%%%%%%%%%%%%%%%%%%%%%%%%%%%%%%%%%%%%%%

@article{Georgi:1994qn,
      author         = "Georgi, H.",
      title          = "{Effective field theory}",
      journal        = "Ann. Rev. Nucl. Part. Sci.",
      volume         = "43",
      year           = "1993",
      pages          = "209-252",
      doi            = "10.1146/annurev.ns.43.120193.001233",
      SLACcitation   = "%%CITATION = ARNUA,43,209;%%"
}

@unpublished{Kaplan:2005es,
      author         = "Kaplan, David B.",
      title          = "{Five lectures on effective field theory}",
      year           = "2005",
      eprint         = "nucl-th/0510023",
      archivePrefix  = "arXiv",
      primaryClass   = "nucl-th",
      SLACcitation   = "%%CITATION = NUCL-TH/0510023;%%"
}




%%%%%%%%%%%%%%%%%%%%%%%%%%%%%%%%%%%%%%%%%%%%%%%%%%%%%%%%%%%%
% SM EFT original
%%%%%%%%%%%%%%%%%%%%%%%%%%%%%%%%%%%%%%%%%%%%%%%%%%%%%%%%%%%%

@article{Burges:1983zg,
      author         = "Burges, C. J. C. and Schnitzer, Howard J.",
      title          = "{Virtual Effects of Excited Quarks as Probes of a
                        Possible New Hadronic Mass Scale}",
      journal        = "Nucl. Phys.",
      volume         = "B228",
      year           = "1983",
      pages          = "464-500",
      doi            = "10.1016/0550-3213(83)90555-2",
      reportNumber   = "Print-83-0346 (BRANDEIS)",
      SLACcitation   = "%%CITATION = NUPHA,B228,464;%%"
}

@article{Leung:1984ni,
      author         = "Leung, Chung Ngoc and Love, S. T. and Rao, S.",
      title          = "{Low-Energy Manifestations of a New Interaction Scale:
                        Operator Analysis}",
      journal        = "Z. Phys.",
      volume         = "C31",
      year           = "1986",
      pages          = "433",
      doi            = "10.1007/BF01588041",
      reportNumber   = "FERMILAB-PUB-84-074-T",
      SLACcitation   = "%%CITATION = ZEPYA,C31,433;%%"
}

@article{Buchmuller:1985jz,
      author         = "Buchmuller, W. and Wyler, D.",
      title          = "{Effective Lagrangian Analysis of New Interactions and
                        Flavor Conservation}",
      journal        = "Nucl. Phys.",
      volume         = "B268",
      year           = "1986",
      pages          = "621-653",
      doi            = "10.1016/0550-3213(86)90262-2",
      reportNumber   = "CERN-TH-4254/85",
      SLACcitation   = "%%CITATION = NUPHA,B268,621;%%"
}

@article{Arzt:1994gp,
      author         = "Arzt, C. and Einhorn, M. B. and Wudka, J.",
      title          = "{Patterns of deviation from the standard model}",
      journal        = "Nucl. Phys.",
      volume         = "B433",
      year           = "1995",
      pages          = "41-66",
      doi            = "10.1016/0550-3213(94)00336-D",
      eprint         = "hep-ph/9405214",
      archivePrefix  = "arXiv",
      primaryClass   = "hep-ph",
      reportNumber   = "UM-TH-94-15, UCRHEP-125, CALT-68-1932",
      SLACcitation   = "%%CITATION = HEP-PH/9405214;%%"
}




%%%%%%%%%%%%%%%%%%%%%%%%%%%%%%%%%%%%%%%%%%%%%%%%%%%%%%%%%%%%
% SM EFT bases
%%%%%%%%%%%%%%%%%%%%%%%%%%%%%%%%%%%%%%%%%%%%%%%%%%%%%%%%%%%%

@article{Hagiwara:1993ck,
      author         = "Hagiwara, Kaoru and Ishihara, S. and Szalapski, R. and
                        Zeppenfeld, D.",
      title          = "{Low-energy effects of new interactions in the
                        electroweak boson sector}",
      journal        = "Phys. Rev.",
      volume         = "D48",
      year           = "1993",
      pages          = "2182-2203",
      doi            = "10.1103/PhysRevD.48.2182",
      reportNumber   = "MAD-PH-737, UT-635, KEK-TH-356, KEK-PREPRINT-92-214",
      SLACcitation   = "%%CITATION = PHRVA,D48,2182;%%"
}

@article{Giudice:2007fh,
      author         = "Giudice, G. F. and Grojean, C. and Pomarol, A. and
                        Rattazzi, R.",
      title          = "{The Strongly-Interacting Light Higgs}",
      journal        = "JHEP",
      volume         = "06",
      year           = "2007",
      pages          = "045",
      doi            = "10.1088/1126-6708/2007/06/045",
      eprint         = "hep-ph/0703164",
      archivePrefix  = "arXiv",
      primaryClass   = "hep-ph",
      reportNumber   = "CERN-PH-TH-2007-47",
      SLACcitation   = "%%CITATION = HEP-PH/0703164;%%"
}

@article{Grzadkowski:2010es,
      author         = "Grzadkowski, B. and Iskrzynski, M. and Misiak, M. and
                        Rosiek, J.",
      title          = "{Dimension-Six Terms in the Standard Model Lagrangian}",
      journal        = "JHEP",
      volume         = "10",
      year           = "2010",
      pages          = "085",
      doi            = "10.1007/JHEP10(2010)085",
      eprint         = "1008.4884",
      archivePrefix  = "arXiv",
      primaryClass   = "hep-ph",
      reportNumber   = "IFT-9-2010, TTP10-35",
      SLACcitation   = "%%CITATION = ARXIV:1008.4884;%%"
}

@article{Contino:2013kra,
      author         = "Contino, Roberto and Ghezzi, Margherita and Grojean,
                        Christophe and Muhlleitner, Margarete and Spira, Michael",
      title          = "{Effective Lagrangian for a light Higgs-like scalar}",
      journal        = "JHEP",
      volume         = "07",
      year           = "2013",
      pages          = "035",
      doi            = "10.1007/JHEP07(2013)035",
      eprint         = "1303.3876",
      archivePrefix  = "arXiv",
      primaryClass   = "hep-ph",
      reportNumber   = "CERN-PH-TH-2013-047, KA-TP-06-2013, PSI-PR-13-04",
      SLACcitation   = "%%CITATION = ARXIV:1303.3876;%%"
}

@article{Falkowski:2015wza,
      author         = "Falkowski, Adam and Fuks, Benjamin and Mawatari, Kentarou
                        and Mimasu, Ken and Riva, Francesco and sanz, Ver{\'o}nica",
      title          = "{Rosetta: an operator basis translator for Standard Model
                        effective field theory}",
      journal        = "Eur. Phys. J.",
      volume         = "C75",
      year           = "2015",
      number         = "12",
      pages          = "583",
      doi            = "10.1140/epjc/s10052-015-3806-x",
      eprint         = "1508.05895",
      archivePrefix  = "arXiv",
      primaryClass   = "hep-ph",
      reportNumber   = "MCNET-15-25",
      SLACcitation   = "%%CITATION = ARXIV:1508.05895;%%"
}




%%%%%%%%%%%%%%%%%%%%%%%%%%%%%%%%%%%%%%%%%%%%%%%%%%%%%%%%%%%%
% Matching and CDE
%%%%%%%%%%%%%%%%%%%%%%%%%%%%%%%%%%%%%%%%%%%%%%%%%%%%%%%%%%%%

@article{Gaillard:1985uh,
      author         = "Gaillard, M. K.",
      title          = "{The Effective One Loop Lagrangian With Derivative
                        Couplings}",
      journal        = "Nucl. Phys.",
      volume         = "B268",
      year           = "1986",
      pages          = "669-692",
      doi            = "10.1016/0550-3213(86)90264-6",
      reportNumber   = "LBL-20308, UCB-PTH-85/1",
      SLACcitation   = "%%CITATION = NUPHA,B268,669;%%"
}

@inproceedings{Gaillard:1986dz,
      author         = "Gaillard, Mary K.",
      title          = "{Effective One Loop Scalar Actions in (Mostly)
                        Four-Dimensions}",
      booktitle      = "{3rd Jerusalem Winter School for Theoretical Physics:
                        Strings and Superstrings}",
      year           = "1986",
      reportNumber   = "UCB-PTH-86/10, LBL-21465",
      SLACcitation   = "%%CITATION = UCB-PTH-86/10;%%"
}

@article{Cheyette:1987qz,
      author         = "Cheyette, Oren",
      title          = "{Effective Action for the Standard Model With Large Higgs
                        Mass}",
      journal        = "Nucl. Phys.",
      volume         = "B297",
      year           = "1988",
      pages          = "183-204",
      doi            = "10.1016/0550-3213(88)90205-2",
      reportNumber   = "LBL-23292, UCB-PTH-87-17",
      SLACcitation   = "%%CITATION = NUPHA,B297,183;%%"
}

@unpublished{Drozd:2015rsp,
      author         = "Drozd, Aleksandra and Ellis, John and Quevillon,
                        Jérémie and You, Tevong",
      title          = "{The Universal One-Loop Effective Action}",
      year           = "2015",
      eprint         = "1512.03003",
      archivePrefix  = "arXiv",
      primaryClass   = "hep-ph",
      reportNumber   = "KCL-PH-TH-2015-54, LCTS-2015-42, CERN-PH-TH-2015-284,
                        --CAVENDISH-HEP-15-12, DAMTP-2015-88",
      SLACcitation   = "%%CITATION = ARXIV:1512.03003;%%"
}

@unpublished{Henning:2016lyp,
      author         = "Henning, Brian and Lu, Xiaochuan and Murayama, Hitoshi",
      title          = "{One-loop Matching and Running with Covariant Derivative
                        Expansion}",
      year           = "2016",
      eprint         = "1604.01019",
      archivePrefix  = "arXiv",
      primaryClass   = "hep-ph",
      reportNumber   = "IPMU16-0042",
      SLACcitation   = "%%CITATION = ARXIV:1604.01019;%%"
}




%%%%%%%%%%%%%%%%%%%%%%%%%%%%%%%%%%%%%%%%%%%%%%%%%%%%%%%%%%%%
% Matching examples
%%%%%%%%%%%%%%%%%%%%%%%%%%%%%%%%%%%%%%%%%%%%%%%%%%%%%%%%%%%%

@article{Passarino:2012cb,
      author         = "Passarino, Giampiero",
      title          = "{NLO Inspired Effective Lagrangians for Higgs Physics}",
      journal        = "Nucl. Phys.",
      volume         = "B868",
      year           = "2013",
      pages          = "416-458",
      doi            = "10.1016/j.nuclphysb.2012.11.018",
      eprint         = "1209.5538",
      archivePrefix  = "arXiv",
      primaryClass   = "hep-ph",
      SLACcitation   = "%%CITATION = ARXIV:1209.5538;%%"
}

@article{Henning:2014wua,
      author         = "Henning, Brian and Lu, Xiaochuan and Murayama, Hitoshi",
      title          = "{How to use the Standard Model effective field theory}",
      journal        = "JHEP",
      volume         = "01",
      year           = "2016",
      pages          = "023",
      doi            = "10.1007/JHEP01(2016)023",
      eprint         = "1412.1837",
      archivePrefix  = "arXiv",
      primaryClass   = "hep-ph",
      reportNumber   = "UCB-PTH-14-40, IPMU14-0353",
      SLACcitation   = "%%CITATION = ARXIV:1412.1837;%%"
}

@article{Gorbahn:2015gxa,
      author         = "Gorbahn, Martin and No, Jose Miguel and Sanz, Veronica",
      title          = "{Benchmarks for Higgs Effective Theory: Extended Higgs
                        Sectors}",
      journal        = "JHEP",
      volume         = "10",
      year           = "2015",
      pages          = "036",
      doi            = "10.1007/JHEP10(2015)036",
      eprint         = "1502.07352",
      archivePrefix  = "arXiv",
      primaryClass   = "hep-ph",
      SLACcitation   = "%%CITATION = ARXIV:1502.07352;%%"
}

@article{Edelhaeuser:2015zra,
      author         = "Edelh{\"a}user, Lisa and Knochel, Alexander and Steeger,
                        Thomas",
      title          = "{Applying EFT to Higgs Pair Production in Universal Extra
                        Dimensions}",
      journal        = "JHEP",
      volume         = "11",
      year           = "2015",
      pages          = "062",
      doi            = "10.1007/JHEP11(2015)062",
      eprint         = "1503.05078",
      archivePrefix  = "arXiv",
      primaryClass   = "hep-ph",
      SLACcitation   = "%%CITATION = ARXIV:1503.05078;%%"
}


%%%%%%%%%%%%%%%%%%%%%%%%%%%%%%%%%%%%%%%%%%%%%%%%%%%%%%%%%%%%
% Squaring dim-6 terms
%%%%%%%%%%%%%%%%%%%%%%%%%%%%%%%%%%%%%%%%%%%%%%%%%%%%%%%%%%%%

@article{Berthier:2015oma,
      author         = "Berthier, Laure and Trott, Michael",
      title          = "{Towards consistent Electroweak Precision Data
                        constraints in the SMEFT}",
      journal        = "JHEP",
      volume         = "05",
      year           = "2015",
      pages          = "024",
      doi            = "10.1007/JHEP05(2015)024",
      eprint         = "1502.02570",
      archivePrefix  = "arXiv",
      primaryClass   = "hep-ph",
      SLACcitation   = "%%CITATION = ARXIV:1502.02570;%%"
}

@article{Bylund:2016phk,
      author         = "Bessidskaia Bylund, Olga and Maltoni, Fabio and Tsinikos,
                        Ioannis and Vryonidou, Eleni and Zhang, Cen",
      title          = "{Probing top quark neutral couplings in the Standard
                        Model Effective Field Theory at NLO in QCD}",
      journal        = "JHEP",
      volume         = "05",
      year           = "2016",
      pages          = "052",
      doi            = "10.1007/JHEP05(2016)052",
      eprint         = "1601.08193",
      archivePrefix  = "arXiv",
      primaryClass   = "hep-ph",
      reportNumber   = "CP3-16-03, MCNET-16-03",
      SLACcitation   = "%%CITATION = ARXIV:1601.08193;%%"
}

@article{Maltoni:2016yxb,
      author         = "Maltoni, Fabio and Vryonidou, Eleni and Zhang, Cen",
      title          = "{Higgs production in association with a top-antitop pair
                        in the Standard Model Effective Field Theory at NLO in
                        QCD}",
      journal        = "JHEP",
      volume         = "10",
      year           = "2016",
      pages          = "123",
      doi            = "10.1007/JHEP10(2016)123",
      eprint         = "1607.05330",
      archivePrefix  = "arXiv",
      primaryClass   = "hep-ph",
      reportNumber   = "CP3-16-39, MCNET-16-29",
      SLACcitation   = "%%CITATION = ARXIV:1607.05330;%%"
}




%%%%%%%%%%%%%%%%%%%%%%%%%%%%%%%%%%%%%%%%%%%%%%%%%%%%%%%%%%%%
% SM EFT beyond dim 6
%%%%%%%%%%%%%%%%%%%%%%%%%%%%%%%%%%%%%%%%%%%%%%%%%%%%%%%%%%%%

@unpublished{Henning:2015alf,
      author         = "Henning, Brian and Lu, Xiaochuan and Melia, Tom and
                        Murayama, Hitoshi",
      title          = "{2, 84, 30, 993, 560, 15456, 11962, 261485, ...: Higher
                        dimension operators in the SM EFT}",
      year           = "2015",
      eprint         = "1512.03433",
      archivePrefix  = "arXiv",
      primaryClass   = "hep-ph",
      reportNumber   = "UCB-PTH-15-14, IPMU15-0207",
      SLACcitation   = "%%CITATION = ARXIV:1512.03433;%%"
}



%%%%%%%%%%%%%%%%%%%%%%%%%%%%%%%%%%%%%%%%%%%%%%%%%%%%%%%%%%%%
% SM EFT running
%%%%%%%%%%%%%%%%%%%%%%%%%%%%%%%%%%%%%%%%%%%%%%%%%%%%%%%%%%%%

@article{Jenkins:2013zja,
      author         = "Jenkins, Elizabeth E. and Manohar, Aneesh V. and Trott,
                        Michael",
      title          = "{Renormalization Group Evolution of the Standard Model
                        Dimension Six Operators I: Formalism and lambda
                        Dependence}",
      journal        = "JHEP",
      volume         = "10",
      year           = "2013",
      pages          = "087",
      doi            = "10.1007/JHEP10(2013)087",
      eprint         = "1308.2627",
      archivePrefix  = "arXiv",
      primaryClass   = "hep-ph",
      SLACcitation   = "%%CITATION = ARXIV:1308.2627;%%"
}

@article{Jenkins:2013wua,
      author         = "Jenkins, Elizabeth E. and Manohar, Aneesh V. and Trott,
                        Michael",
      title          = "{Renormalization Group Evolution of the Standard Model
                        Dimension Six Operators II: Yukawa Dependence}",
      journal        = "JHEP",
      volume         = "01",
      year           = "2014",
      pages          = "035",
      doi            = "10.1007/JHEP01(2014)035",
      eprint         = "1310.4838",
      archivePrefix  = "arXiv",
      primaryClass   = "hep-ph",
      SLACcitation   = "%%CITATION = ARXIV:1310.4838;%%"
}

@article{Alonso:2013hga,
      author         = "Alonso, Rodrigo and Jenkins, Elizabeth E. and Manohar,
                        Aneesh V. and Trott, Michael",
      title          = "{Renormalization Group Evolution of the Standard Model
                        Dimension Six Operators III: Gauge Coupling Dependence and
                        Phenomenology}",
      journal        = "JHEP",
      volume         = "04",
      year           = "2014",
      pages          = "159",
      doi            = "10.1007/JHEP04(2014)159",
      eprint         = "1312.2014",
      archivePrefix  = "arXiv",
      primaryClass   = "hep-ph",
      reportNumber   = "CERN-PH-TH-2013-305",
      SLACcitation   = "%%CITATION = ARXIV:1312.2014;%%"
}




%%%%%%%%%%%%%%%%%%%%%%%%%%%%%%%%%%%%%%%%%%%%%%%%%%%%%%%%%%%%
% Operator bases original
%%%%%%%%%%%%%%%%%%%%%%%%%%%%%%%%%%%%%%%%%%%%%%%%%%%%%%%%%%%%

@article{Politzer:1980me,
      author         = "Politzer, H. David",
      title          = "{Power Corrections at Short Distances}",
      journal        = "Nucl. Phys.",
      volume         = "B172",
      year           = "1980",
      pages          = "349-382",
      doi            = "10.1016/0550-3213(80)90172-8",
      reportNumber   = "CALT-68-765",
      SLACcitation   = "%%CITATION = NUPHA,B172,349;%%"
}

@article{Georgi:1991ch,
      author         = "Georgi, Howard",
      title          = "{On-shell effective field theory}",
      journal        = "Nucl. Phys.",
      volume         = "B361",
      year           = "1991",
      pages          = "339-350",
      doi            = "10.1016/0550-3213(91)90244-R",
      reportNumber   = "HUTP-91-A014",
      SLACcitation   = "%%CITATION = NUPHA,B361,339;%%"
}

@article{Arzt:1993gz,
      author         = "Arzt, Christopher",
      title          = "{Reduced effective Lagrangians}",
      journal        = "Phys. Lett.",
      volume         = "B342",
      year           = "1995",
      pages          = "189-195",
      doi            = "10.1016/0370-2693(94)01419-D",
      eprint         = "hep-ph/9304230",
      archivePrefix  = "arXiv",
      primaryClass   = "hep-ph",
      reportNumber   = "UM-TH-92-28",
      SLACcitation   = "%%CITATION = HEP-PH/9304230;%%"
}

@article{Simma:1993ky,
      author         = "Simma, H.",
      title          = "{Equations of motion for effective Lagrangians and
                        penguins in rare B decays}",
      journal        = "Z. Phys.",
      volume         = "C61",
      year           = "1994",
      pages          = "67-82",
      doi            = "10.1007/BF01641888",
      eprint         = "hep-ph/9307274",
      archivePrefix  = "arXiv",
      primaryClass   = "hep-ph",
      reportNumber   = "DESY-93-083",
      SLACcitation   = "%%CITATION = HEP-PH/9307274;%%"
}




%%%%%%%%%%%%%%%%%%%%%%%%%%%%%%%%%%%%%%%%%%%%%%%%%%%%%%%%%%%%
% Geometric interpretation
%%%%%%%%%%%%%%%%%%%%%%%%%%%%%%%%%%%%%%%%%%%%%%%%%%%%%%%%%%%%

@article{Alonso:2014rga,
      author         = "Alonso, Rodrigo and Jenkins, Elizabeth E. and Manohar,
                        Aneesh V.",
      title          = "{Holomorphy without Supersymmetry in the Standard Model
                        Effective Field Theory}",
      journal        = "Phys. Lett.",
      volume         = "B739",
      year           = "2014",
      pages          = "95-98",
      doi            = "10.1016/j.physletb.2014.10.045",
      eprint         = "1409.0868",
      archivePrefix  = "arXiv",
      primaryClass   = "hep-ph",
      SLACcitation   = "%%CITATION = ARXIV:1409.0868;%%"
}

@article{Alonso:2015fsp,
      author         = "Alonso, Rodrigo and Jenkins, Elizabeth E. and Manohar,
                        Aneesh V.",
      title          = "{A Geometric Formulation of Higgs Effective Field Theory:
                        Measuring the Curvature of Scalar Field Space}",
      journal        = "Phys. Lett.",
      volume         = "B754",
      year           = "2016",
      pages          = "335-342",
      doi            = "10.1016/j.physletb.2016.01.041",
      eprint         = "1511.00724",
      archivePrefix  = "arXiv",
      primaryClass   = "hep-ph",
      reportNumber   = "CERN-PH-TH-2015-257",
      SLACcitation   = "%%CITATION = ARXIV:1511.00724;%%"
}




%%%%%%%%%%%%%%%%%%%%%%%%%%%%%%%%%%%%%%%%%%%%%%%%%%%%%%%%%%%%
% kappa framework
%%%%%%%%%%%%%%%%%%%%%%%%%%%%%%%%%%%%%%%%%%%%%%%%%%%%%%%%%%%%

@article{Lafaye:2009vr,
      author         = "Lafaye, Remi and Plehn, Tilman and Rauch, Michael and
                        Zerwas, Dirk and Duhrssen, Michael",
      title          = "{Measuring the Higgs Sector}",
      journal        = "JHEP",
      volume         = "08",
      year           = "2009",
      pages          = "009",
      doi            = "10.1088/1126-6708/2009/08/009",
      eprint         = "0904.3866",
      archivePrefix  = "arXiv",
      primaryClass   = "hep-ph",
      reportNumber   = "KA-TP-01-2009, SFB-CPP-09-28",
      SLACcitation   = "%%CITATION = ARXIV:0904.3866;%%"
}

@unpublished{LHCHiggsCrossSectionWorkingGroup:2012nn,
      author         = "David, A. and Denner, A. and Duehrssen, M. and Grazzini,
                        M. and Grojean, C. and Passarino, G. and Schumacher, M.
                        and Spira, M. and Weiglein, G. and Zanetti, M.",
      title          = "{LHC HXSWG interim recommendations to explore the
                        coupling structure of a Higgs-like particle}",
      collaboration  = "LHC Higgs Cross Section Working Group",
      year           = "2012",
      eprint         = "1209.0040",
      archivePrefix  = "arXiv",
      primaryClass   = "hep-ph",
      reportNumber   = "CERN-PH-TH-2012-284, LHCHXSWG-2012-001",
      SLACcitation   = "%%CITATION = ARXIV:1209.0040;%%"
}


%%%%%%%%%%%%%%%%%%%%%%%%%%%%%%%%%%%%%%%%%%%%%%%%%%%%%%%%%%%%
% Pseudo-observables
%%%%%%%%%%%%%%%%%%%%%%%%%%%%%%%%%%%%%%%%%%%%%%%%%%%%%%%%%%%%

@article{Isidori:2013cga,
      author         = "Isidori, Gino and Trott, Michael",
      title          = "{Higgs form factors in Associated Production}",
      journal        = "JHEP",
      volume         = "02",
      year           = "2014",
      pages          = "082",
      doi            = "10.1007/JHEP02(2014)082",
      eprint         = "1307.4051",
      archivePrefix  = "arXiv",
      primaryClass   = "hep-ph",
      reportNumber   = "NSF-KITP-13-107, CERN-PH-TH-2013-158,
                        NSF-KITP-13-107-SANTA-BARBARA",
      SLACcitation   = "%%CITATION = ARXIV:1307.4051;%%"
}

@article{Bordone:2015nqa,
      author         = "Bordone, Marzia and Greljo, Admir and Isidori, Gino and
                        Marzocca, David and Pattori, Andrea",
      title          = "{Higgs Pseudo Observables and Radiative Corrections}",
      journal        = "Eur. Phys. J.",
      volume         = "C75",
      year           = "2015",
      number         = "8",
      pages          = "385",
      doi            = "10.1140/epjc/s10052-015-3611-6",
      eprint         = "1507.02555",
      archivePrefix  = "arXiv",
      primaryClass   = "hep-ph",
      reportNumber   = "ZU-TH-22-15",
      SLACcitation   = "%%CITATION = ARXIV:1507.02555;%%"
}

@article{Greljo:2015sla,
      author         = "Greljo, Admir and Isidori, Gino and Lindert, Jonas M. and
                        Marzocca, David",
      title          = "{Pseudo-observables in electroweak Higgs production}",
      journal        = "Eur. Phys. J.",
      volume         = "C76",
      year           = "2016",
      number         = "3",
      pages          = "158",
      doi            = "10.1140/epjc/s10052-016-4000-5",
      eprint         = "1512.06135",
      archivePrefix  = "arXiv",
      primaryClass   = "hep-ph",
      reportNumber   = "ZU-TH-47-15",
      SLACcitation   = "%%CITATION = ARXIV:1512.06135;%%"
}




%%%%%%%%%%%%%%%%%%%%%%%%%%%%%%%%%%%%%%%%%%%%%%%%%%%%%%%%%%%%
% Non-linear electroweak Lagrangian
%%%%%%%%%%%%%%%%%%%%%%%%%%%%%%%%%%%%%%%%%%%%%%%%%%%%%%%%%%%%

@article{Appelquist:1980vg,
      author         = "Appelquist, Thomas and Bernard, Claude W.",
      title          = "{Strongly Interacting Higgs Bosons}",
      journal        = "Phys. Rev.",
      volume         = "D22",
      year           = "1980",
      pages          = "200",
      doi            = "10.1103/PhysRevD.22.200",
      reportNumber   = "YTP-80-01",
      SLACcitation   = "%%CITATION = PHRVA,D22,200;%%"
}

@article{Longhitano:1980iz,
      author         = "Longhitano, Anthony C.",
      title          = "{Heavy Higgs Bosons in the Weinberg-Salam Model}",
      journal        = "Phys. Rev.",
      volume         = "D22",
      year           = "1980",
      pages          = "1166",
      doi            = "10.1103/PhysRevD.22.1166",
      reportNumber   = "YTP-80-04",
      SLACcitation   = "%%CITATION = PHRVA,D22,1166;%%"
}

@article{Appelquist:1984rr,
      author         = "Appelquist, Thomas and Bowick, Mark J. and Cohler, Eugene
                        and Hauser, Avi I.",
      title          = "{The Breaking of Isospin Symmetry in Theories With a
                        Dynamical Higgs Mechanism}",
      journal        = "Phys. Rev.",
      volume         = "D31",
      year           = "1985",
      pages          = "1676",
      doi            = "10.1103/PhysRevD.31.1676",
      reportNumber   = "YTP 84-14",
      SLACcitation   = "%%CITATION = PHRVA,D31,1676;%%"
}


%%%%%%%%%%%%%%%%%%%%%%%%%%%%%%%%%%%%%%%%%%%%%%%%%%%%%%%%%%%%
% Non-linear Higgs EFT
%%%%%%%%%%%%%%%%%%%%%%%%%%%%%%%%%%%%%%%%%%%%%%%%%%%%%%%%%%%%

@article{Grinstein:2007iv,
      author         = "Grinstein, Benjamin and Trott, Michael",
      title          = "{A Higgs-Higgs bound state due to new physics at a TeV}",
      journal        = "Phys. Rev.",
      volume         = "D76",
      year           = "2007",
      pages          = "073002",
      doi            = "10.1103/PhysRevD.76.073002",
      eprint         = "0704.1505",
      archivePrefix  = "arXiv",
      primaryClass   = "hep-ph",
      reportNumber   = "UCSD-PTH-07-03",
      SLACcitation   = "%%CITATION = ARXIV:0704.1505;%%"
}

@article{Alonso:2012px,
      author         = "Alonso, R. and Gavela, M. B. and Merlo, L. and Rigolin,
                        S. and Yepes, J.",
      title          = "{The Effective Chiral Lagrangian for a Light Dynamical
                        "Higgs Particle"}",
      journal        = "Phys. Lett.",
      volume         = "B722",
      year           = "2013",
      pages          = "330-335",
      doi            = "10.1016/j.physletb.2013.04.037,
                        10.1016/j.physletb.2013.09.028",
      note           = "[Erratum: Phys.\ Lett.\ B726, p.\ 926, 2013]",
      eprint         = "1212.3305",
      archivePrefix  = "arXiv",
      primaryClass   = "hep-ph",
      reportNumber   = "FTUAM-12-115, IFT-UAM-CSIC-12-113, CERN-PH-TH-2012-335,
                        DFPD-2012-TH-23",
      SLACcitation   = "%%CITATION = ARXIV:1212.3305;%%"
}

@article{Buchalla:2013rka,
      author         = "Buchalla, Gerhard and Cat{\`a}, Oscar and Krause, Claudius",
      title          = "{Complete Electroweak Chiral Lagrangian with a Light
                        Higgs at NLO}",
      journal        = "Nucl. Phys.",
      volume         = "B880",
      year           = "2014",
      pages          = "552-573",
      doi            = "10.1016/j.nuclphysb.2016.09.010,
                        10.1016/j.nuclphysb.2014.01.018",
      note           = "[Erratum: Nucl.\ Phys.\ B913, p.\ 475, 2016]",
      eprint         = "1307.5017",
      archivePrefix  = "arXiv",
      primaryClass   = "hep-ph",
      reportNumber   = "LMU-ASC-42-13, LMU-ASC~42-13",
      SLACcitation   = "%%CITATION = ARXIV:1307.5017;%%"
}

@article{Buchalla:2013eza,
      author         = "Buchalla, Gerhard and Cat{\`a}, Oscar and Krause, Claudius",
      title          = "{On the Power Counting in Effective Field Theories}",
      journal        = "Phys. Lett.",
      volume         = "B731",
      year           = "2014",
      pages          = "80-86",
      doi            = "10.1016/j.physletb.2014.02.015",
      eprint         = "1312.5624",
      archivePrefix  = "arXiv",
      primaryClass   = "hep-ph",
      reportNumber   = "LMU-ASC-81-13",
      SLACcitation   = "%%CITATION = ARXIV:1312.5624;%%"
}

@article{Brivio:2013pma,
      author         = "Brivio, I. and Corbett, T. and {\'E}boli, O. J. P. and
                        Gavela, M. B. and Gonzalez-Fraile, J. and Gonzalez-Garcia,
                        M. C. and Merlo, L. and Rigolin, S.",
      title          = "{Disentangling a dynamical Higgs}",
      journal        = "JHEP",
      volume         = "03",
      year           = "2014",
      pages          = "024",
      doi            = "10.1007/JHEP03(2014)024",
      eprint         = "1311.1823",
      archivePrefix  = "arXiv",
      primaryClass   = "hep-ph",
      reportNumber   = "FTUAM-13-32, IFT-UAM-CSIC-13-119, YITP-SB-13-33,
                        DFPD-2013-TH-20",
      SLACcitation   = "%%CITATION = ARXIV:1311.1823;%%"
}

@article{Gavela:2014vra,
      author         = "Gavela, M. B. and Gonzalez-Fraile, J. and
                        Gonzalez-Garcia, M. C. and Merlo, L. and Rigolin, S. and
                        Yepes, J.",
      title          = "{CP violation with a dynamical Higgs}",
      journal        = "JHEP",
      volume         = "10",
      year           = "2014",
      pages          = "044",
      doi            = "10.1007/JHEP10(2014)044",
      eprint         = "1406.6367",
      archivePrefix  = "arXiv",
      primaryClass   = "hep-ph",
      reportNumber   = "FTUAM-14-22, IFT-UAM-CSIC-14-056, YITP-SB-14-17,
                        DFPD-2014-TH-13",
      SLACcitation   = "%%CITATION = ARXIV:1406.6367;%%"
}

@article{Buchalla:2015wfa,
      author         = "Buchalla, G. and Cat{\`a}, O. and Celis, A. and Krause, C.",
      title          = "{Note on Anomalous Higgs-Boson Couplings in Effective
                        Field Theory}",
      journal        = "Phys. Lett.",
      volume         = "B750",
      year           = "2015",
      pages          = "298-301",
      doi            = "10.1016/j.physletb.2015.09.027",
      eprint         = "1504.01707",
      archivePrefix  = "arXiv",
      primaryClass   = "hep-ph",
      reportNumber   = "LMU-ASC-19-15",
      SLACcitation   = "%%CITATION = ARXIV:1504.01707;%%"
}

@article{Gavela:2016bzc,
      author         = "Gavela, B. M. and Jenkins, E. E. and Manohar, A. V. and
                        Merlo, L.",
      title          = "{Analysis of General Power Counting Rules in Effective
                        Field Theory}",
      journal        = "Eur. Phys. J.",
      volume         = "C76",
      year           = "2016",
      number         = "9",
      pages          = "485",
      doi            = "10.1140/epjc/s10052-016-4332-1",
      eprint         = "1601.07551",
      archivePrefix  = "arXiv",
      primaryClass   = "hep-ph",
      reportNumber   = "CERN-TH-2016-015, FTUAM-16-2, IFT-UAM-CSIC-16-006",
      SLACcitation   = "%%CITATION = ARXIV:1601.07551;%%"
}

@article{Brivio:2016fzo,
      author         = "Brivio, I. and Gonzalez-Fraile, J. and Gonzalez-Garcia,
                        M. C. and Merlo, L.",
      title          = "{The complete HEFT Lagrangian after the LHC Run I}",
      journal        = "Eur. Phys. J.",
      volume         = "C76",
      year           = "2016",
      number         = "7",
      pages          = "416",
      doi            = "10.1140/epjc/s10052-016-4211-9",
      eprint         = "1604.06801",
      archivePrefix  = "arXiv",
      primaryClass   = "hep-ph",
      reportNumber   = "FTUAM-16-13, IFT-UAM-CSIC-16-034, YITP-SB-16-14",
      SLACcitation   = "%%CITATION = ARXIV:1604.06801;%%"
}

@phdthesis{Krause:2016uhw,
      author         = "Krause, Claudius G.",
      title          = "{Higgs Effective Field Theories - Systematics and
                        Applications}",
      school         = "Munich U.",
      year           = "2016",
      eprint         = "1610.08537",
      archivePrefix  = "arXiv",
      primaryClass   = "hep-ph",
      reportNumber   = "LMU-ASC-46-16",
      SLACcitation   = "%%CITATION = ARXIV:1610.08537;%%"
}



%%%%%%%%%%%%%%%%%%%%%%%%%%%%%%%%%%%%%%%%%%%%%%%%%%%%%%%%%%%%
% Chiral perturbation theory
%%%%%%%%%%%%%%%%%%%%%%%%%%%%%%%%%%%%%%%%%%%%%%%%%%%%%%%%%%%%

@article{Scherer:2002tk,
      author         = "Scherer, Stefan",
      title          = "{Introduction to chiral perturbation theory}",
      journal        = "Adv. Nucl. Phys.",
      volume         = "27",
      year           = "2003",
      pages          = "277",
      eprint         = "hep-ph/0210398",
      archivePrefix  = "arXiv",
      primaryClass   = "hep-ph",
      reportNumber   = "MKPH-T-02-09",
      SLACcitation   = "%%CITATION = HEP-PH/0210398;%%"
}

@phdthesis{HillerBlin:2016jpb,
      author         = "Hiller Blin, Astrid Nathalie",
      title          = "{Electromagnetic interactions of light hadrons in
                        covariant chiral perturbation theory}",
      school         = "Valencia U., IFIC",
      year           = "2016",
      url            = "http://roderic.uv.es/bitstream/handle/10550/56957/Tesis.pdf?sequence=1&isAllowed=y",
      SLACcitation   = "%%CITATION = INSPIRE-1514858;%%"
}



%%%%%%%%%%%%%%%%%%%%%%%%%%%%%%%%%%%%%%%%%%%%%%%%%%%%%%%%%%%%
% Simplified models for Higgs physics
%%%%%%%%%%%%%%%%%%%%%%%%%%%%%%%%%%%%%%%%%%%%%%%%%%%%%%%%%%%%

@article{Dolan:2016eki,
      author         = "Dolan, Matthew J. and Hewett, J. L. and Kr{\"a}mer, M. and
                        Rizzo, T. G.",
      title          = "{Simplified Models for Higgs Physics: Singlet Scalar and
                        Vector-like Quark Phenomenology}",
      journal        = "JHEP",
      volume         = "07",
      year           = "2016",
      pages          = "039",
      doi            = "10.1007/JHEP07(2016)039",
      eprint         = "1601.07208",
      archivePrefix  = "arXiv",
      primaryClass   = "hep-ph",
      reportNumber   = "SLAC-PUB-16330, TTK-16-03",
      SLACcitation   = "%%CITATION = ARXIV:1601.07208;%%"
}

@article{Gripaios:2016xuo,
      author         = "Gripaios, Ben and Sutherland, Dave",
      title          = "{An operator basis for the Standard Model with an added
                        scalar singlet}",
      journal        = "JHEP",
      volume         = "08",
      year           = "2016",
      pages          = "103",
      doi            = "10.1007/JHEP08(2016)103",
      eprint         = "1604.07365",
      archivePrefix  = "arXiv",
      primaryClass   = "hep-ph",
      reportNumber   = "CAVENDISH-HEP-16-05, NSF-KITP-16-056",
      SLACcitation   = "%%CITATION = ARXIV:1604.07365;%%"
}

@unpublished{Bauer:2016hcu,
      author         = "Bauer, Martin and Butter, Anja and Gonzalez-Fraile, Juan
                        and Plehn, Tilman and Rauch, Michael",
      title          = "{Learning from the New Higgs-like Scalar before It
                        Vanishes}",
      year           = "2016",
      eprint         = "1607.04562",
      archivePrefix  = "arXiv",
      primaryClass   = "hep-ph",
      SLACcitation   = "%%CITATION = ARXIV:1607.04562;%%"
}



%%%%%%%%%%%%%%%%%%%%%%%%%%%%%%%%%%%%%%%%%%%%%%%%%%%%%%%%%%%%
% EFT validity for Higgs physics: friends
%%%%%%%%%%%%%%%%%%%%%%%%%%%%%%%%%%%%%%%%%%%%%%%%%%%%%%%%%%%%

@article{Biekoetter:2014jwa,
      author         = "Biek{\"o}tter, Anke and Knochel, Alexander and Krämer,
                        Michael and Liu, Da and Riva, Francesco",
      title          = "{Vices and virtues of Higgs effective field theories at
                        large energy}",
      journal        = "Phys. Rev.",
      volume         = "D91",
      year           = "2015",
      pages          = "055029",
      doi            = "10.1103/PhysRevD.91.055029",
      eprint         = "1406.7320",
      archivePrefix  = "arXiv",
      primaryClass   = "hep-ph",
      SLACcitation   = "%%CITATION = ARXIV:1406.7320;%%"
}

@article{Freitas:2016iwx,
      author         = "Freitas, Ayres and L{\'o}pez-Val, David and Plehn, Tilman",
      title          = "{When matching matters: Loop effects in Higgs effective
                        theory}",
      journal        = "Phys. Rev.",
      volume         = "D94",
      year           = "2016",
      number         = "9",
      pages          = "095007",
      doi            = "10.1103/PhysRevD.94.095007",
      eprint         = "1607.08251",
      archivePrefix  = "arXiv",
      primaryClass   = "hep-ph",
      SLACcitation   = "%%CITATION = ARXIV:1607.08251;%%"
}



%%%%%%%%%%%%%%%%%%%%%%%%%%%%%%%%%%%%%%%%%%%%%%%%%%%%%%%%%%%%
% EFT validity for Higgs physics: others
%%%%%%%%%%%%%%%%%%%%%%%%%%%%%%%%%%%%%%%%%%%%%%%%%%%%%%%%%%%%

@article{Arnesen:2008fb,
      author         = "Arnesen, Christian and Rothstein, Ira Z. and Zupan, Jure",
      title          = "{Smoking Guns for On-Shell New Physics at the LHC}",
      journal        = "Phys. Rev. Lett.",
      volume         = "103",
      year           = "2009",
      pages          = "151801",
      doi            = "10.1103/PhysRevLett.103.151801",
      eprint         = "0809.1429",
      archivePrefix  = "arXiv",
      primaryClass   = "hep-ph",
      SLACcitation   = "%%CITATION = ARXIV:0809.1429;%%"
}

@article{Englert:2014cva,
      author         = "Englert, Christoph and Spannowsky, Michael",
      title          = "{Effective Theories and Measurements at Colliders}",
      journal        = "Phys. Lett.",
      volume         = "B740",
      year           = "2015",
      pages          = "8-15",
      doi            = "10.1016/j.physletb.2014.11.035",
      eprint         = "1408.5147",
      archivePrefix  = "arXiv",
      primaryClass   = "hep-ph",
      reportNumber   = "IPPP-14-77, DCPT-14-154",
      SLACcitation   = "%%CITATION = ARXIV:1408.5147;%%"
}

@article{deVries:2014apa,
      author         = "de Vries, Maikel",
      title          = "{Four-quark effective operators at hadron colliders}",
      journal        = "JHEP",
      volume         = "03",
      year           = "2015",
      pages          = "095",
      doi            = "10.1007/JHEP03(2015)095",
      eprint         = "1409.4657",
      archivePrefix  = "arXiv",
      primaryClass   = "hep-ph",
      reportNumber   = "DESY-14-158",
      SLACcitation   = "%%CITATION = ARXIV:1409.4657;%%"
}

@article{Craig:2014una,
      author         = "Craig, Nathaniel and Farina, Marco and McCullough,
                        Matthew and Perelstein, Maxim",
      title          = "{Precision Higgsstrahlung as a Probe of New Physics}",
      journal        = "JHEP",
      volume         = "03",
      year           = "2015",
      pages          = "146",
      doi            = "10.1007/JHEP03(2015)146",
      eprint         = "1411.0676",
      archivePrefix  = "arXiv",
      primaryClass   = "hep-ph",
      SLACcitation   = "%%CITATION = ARXIV:1411.0676;%%"
}

@article{Dawson:2015gka,
      author         = "Dawson, S. and Lewis, I. M. and Zeng, Mao",
      title          = "{Usefulness of effective field theory for boosted Higgs
                        production}",
      journal        = "Phys. Rev.",
      volume         = "D91",
      year           = "2015",
      pages          = "074012",
      doi            = "10.1103/PhysRevD.91.074012",
      eprint         = "1501.04103",
      archivePrefix  = "arXiv",
      primaryClass   = "hep-ph",
      reportNumber   = "SLAC-PUB-16208",
      SLACcitation   = "%%CITATION = ARXIV:1501.04103;%%"
}

@unpublished{Edezhath:2015lga,
      author         = "Edezhath, Ralph",
      title          = "{Dimension-6 Operator Constraints from Boosted VBF
                        Higgs}",
      year           = "2015",
      eprint         = "1501.00992",
      archivePrefix  = "arXiv",
      primaryClass   = "hep-ph",
      SLACcitation   = "%%CITATION = ARXIV:1501.00992;%%"
}

@article{Drozd:2015kva,
      author         = "Drozd, Aleksandra and Ellis, John and Quevillon,
                        J{\'e}r{\'e}mie and You, Tevong",
      title          = "{Comparing EFT and Exact One-Loop Analyses of
                        Non-Degenerate Stops}",
      journal        = "JHEP",
      volume         = "06",
      year           = "2015",
      pages          = "028",
      doi            = "10.1007/JHEP06(2015)028",
      eprint         = "1504.02409",
      archivePrefix  = "arXiv",
      primaryClass   = "hep-ph",
      reportNumber   = "KCL-PH-TH-2015-17, LCTS-2015-08, CERN-PH-TH-2015-072",
      SLACcitation   = "%%CITATION = ARXIV:1504.02409;%%"
}

@article{Englert:2015hrx,
      author         = "Englert, Christoph and Kogler, Roman and Schulz, Holger
                        and Spannowsky, Michael",
      title          = "{Higgs coupling measurements at the LHC}",
      journal        = "Eur. Phys. J.",
      volume         = "C76",
      year           = "2016",
      number         = "7",
      pages          = "393",
      doi            = "10.1140/epjc/s10052-016-4227-1",
      eprint         = "1511.05170",
      archivePrefix  = "arXiv",
      primaryClass   = "hep-ph",
      reportNumber   = "IPPP-15-66, DCPT-15-132",
      SLACcitation   = "%%CITATION = ARXIV:1511.05170;%%"
}

@article{Contino:2016jqw,
      author         = "Contino, Roberto and Falkowski, Adam and Goertz, Florian
                        and Grojean, Christophe and Riva, Francesco",
      title          = "{On the Validity of the Effective Field Theory Approach
                        to SM Precision Tests}",
      journal        = "JHEP",
      volume         = "07",
      year           = "2016",
      pages          = "144",
      doi            = "10.1007/JHEP07(2016)144",
      eprint         = "1604.06444",
      archivePrefix  = "arXiv",
      primaryClass   = "hep-ph",
      reportNumber   = "DESY-16-067, CERN-TH-2016-082, LPT-Orsay-16-32",
      SLACcitation   = "%%CITATION = ARXIV:1604.06444;%%"
}

@unpublished{Berthier:2016bke,
      author         = "Berthier, Laure and Nielsen, Jeppe Trøst",
      title          = "{Statistics of predictions with missing higher order
                        corrections}",
      year           = "2016",
      eprint         = "1610.01783",
      archivePrefix  = "arXiv",
      primaryClass   = "physics.data-an",
      SLACcitation   = "%%CITATION = ARXIV:1610.01783;%%"
}



%%%%%%%%%%%%%%%%%%%%%%%%%%%%%%%%%%%%%%%%%%%%%%%%%%%%%%%%%%%%
% DM EFT validity
%%%%%%%%%%%%%%%%%%%%%%%%%%%%%%%%%%%%%%%%%%%%%%%%%%%%%%%%%%%%

@article{Shoemaker:2011vi,
      author         = "Shoemaker, Ian M. and Vecchi, Luca",
      title          = "{Unitarity and Monojet Bounds on Models for DAMA, CoGeNT,
                        and CRESST-II}",
      journal        = "Phys. Rev.",
      volume         = "D86",
      year           = "2012",
      pages          = "015023",
      doi            = "10.1103/PhysRevD.86.015023",
      eprint         = "1112.5457",
      archivePrefix  = "arXiv",
      primaryClass   = "hep-ph",
      reportNumber   = "LA-UR-11-12298",
      SLACcitation   = "%%CITATION = ARXIV:1112.5457;%%"
}

@article{Busoni:2013lha,
      author         = "Busoni, Giorgio and De Simone, Andrea and Morgante,
                        Enrico and Riotto, Antonio",
      title          = "{On the Validity of the Effective Field Theory for Dark
                        Matter Searches at the LHC}",
      journal        = "Phys. Lett.",
      volume         = "B728",
      year           = "2014",
      pages          = "412-421",
      doi            = "10.1016/j.physletb.2013.11.069",
      eprint         = "1307.2253",
      archivePrefix  = "arXiv",
      primaryClass   = "hep-ph",
      reportNumber   = "CERN-PH-TH-2013-151, SISSA-29-2013-FISI",
      SLACcitation   = "%%CITATION = ARXIV:1307.2253;%%"
}

@article{Busoni:2014sya,
      author         = "Busoni, Giorgio and De Simone, Andrea and Gramling,
                        Johanna and Morgante, Enrico and Riotto, Antonio",
      title          = "{On the Validity of the Effective Field Theory for Dark
                        Matter Searches at the LHC, Part II: Complete Analysis for
                        the $s$-channel}",
      journal        = "JCAP",
      volume         = "1406",
      year           = "2014",
      pages          = "060",
      doi            = "10.1088/1475-7516/2014/06/060",
      eprint         = "1402.1275",
      archivePrefix  = "arXiv",
      primaryClass   = "hep-ph",
      reportNumber   = "SISSA-04-2014-FISI",
      SLACcitation   = "%%CITATION = ARXIV:1402.1275;%%"
}

@article{Buchmueller:2013dya,
      author         = "Buchmueller, O. and Dolan, Matthew J. and McCabe,
                        Christopher",
      title          = "{Beyond Effective Field Theory for Dark Matter Searches
                        at the LHC}",
      journal        = "JHEP",
      volume         = "01",
      year           = "2014",
      pages          = "025",
      doi            = "10.1007/JHEP01(2014)025",
      eprint         = "1308.6799",
      archivePrefix  = "arXiv",
      primaryClass   = "hep-ph",
      reportNumber   = "IPPP-13-63, DCPT-13-128",
      SLACcitation   = "%%CITATION = ARXIV:1308.6799;%%"
}

@article{Racco:2015dxa,
      author         = "Racco, Davide and Wulzer, Andrea and Zwirner, Fabio",
      title          = "{Robust collider limits on heavy-mediator Dark Matter}",
      journal        = "JHEP",
      volume         = "05",
      year           = "2015",
      pages          = "009",
      doi            = "10.1007/JHEP05(2015)009",
      eprint         = "1502.04701",
      archivePrefix  = "arXiv",
      primaryClass   = "hep-ph",
      reportNumber   = "CERN-PH-TH-2015-014, DFPD-2015-TH-05",
      SLACcitation   = "%%CITATION = ARXIV:1502.04701;%%"
}

@unpublished{Bauer:2016pug,
      author         = "Bauer, Martin and Butter, Anja and Desai, Nishita and
                        Gonzalez-Fraile, Juan and Plehn, Tilman",
      title          = "{On the Validity of Dark Matter Effective Theory}",
      year           = "2016",
      eprint         = "1611.09908",
      archivePrefix  = "arXiv",
      primaryClass   = "hep-ph",
      SLACcitation   = "%%CITATION = ARXIV:1611.09908;%%"
}
