
%%%%%%%%%%%%%%%%%%%%%%%%%%%%%%%%%%%%%%%%%%%%%%%%%%%%%%%%%%%%
% Higgs discovery
%%%%%%%%%%%%%%%%%%%%%%%%%%%%%%%%%%%%%%%%%%%%%%%%%%%%%%%%%%%%

@article{Aad:2012tfa,
      author         = "Aad, Georges and others",
      title          = "{Observation of a new particle in the search for the
                        Standard Model Higgs boson with the ATLAS detector at the
                        LHC}",
      collaboration  = "ATLAS",
      journal        = "Phys. Lett.",
      volume         = "B716",
      year           = "2012",
      pages          = "1-29",
      doi            = "10.1016/j.physletb.2012.08.020",
      eprint         = "1207.7214",
      archivePrefix  = "arXiv",
      primaryClass   = "hep-ex",
      reportNumber   = "CERN-PH-EP-2012-218",
      SLACcitation   = "%%CITATION = ARXIV:1207.7214;%%"
}

@article{Chatrchyan:2012xdj,
      author         = "Chatrchyan, Serguei and others",
      title          = "{Observation of a new boson at a mass of 125 GeV with the
                        CMS experiment at the LHC}",
      collaboration  = "CMS",
      journal        = "Phys. Lett.",
      volume         = "B716",
      year           = "2012",
      pages          = "30-61",
      doi            = "10.1016/j.physletb.2012.08.021",
      eprint         = "1207.7235",
      archivePrefix  = "arXiv",
      primaryClass   = "hep-ex",
      reportNumber   = "CMS-HIG-12-028, CERN-PH-EP-2012-220",
      SLACcitation   = "%%CITATION = ARXIV:1207.7235;%%"
}



%%%%%%%%%%%%%%%%%%%%%%%%%%%%%%%%%%%%%%%%%%%%%%%%%%%%%%%%%%%%
% Higgs measurements
%%%%%%%%%%%%%%%%%%%%%%%%%%%%%%%%%%%%%%%%%%%%%%%%%%%%%%%%%%%%

@article{Aad:2015zhl,
      author         = "Aad, Georges and others",
      title          = "{Combined Measurement of the Higgs Boson Mass in $pp$
                        Collisions at $\sqrt{s}=7$ and 8 TeV with the ATLAS and
                        CMS Experiments}",
      booktitle      = "{Proceedings, Meeting of the APS Division of Particles
                        and Fields (DPF 2015): Ann Arbor, Michigan, USA, 4-8 Aug
                        2015}",
      collaboration  = "ATLAS, CMS",
      journal        = "Phys. Rev. Lett.",
      volume         = "114",
      year           = "2015",
      pages          = "191803",
      doi            = "10.1103/PhysRevLett.114.191803",
      eprint         = "1503.07589",
      archivePrefix  = "arXiv",
      primaryClass   = "hep-ex",
      reportNumber   = "ATLAS-HIGG-2014-14, CMS-HIG-14-042, CERN-PH-EP-2015-075",
      SLACcitation   = "%%CITATION = ARXIV:1503.07589;%%"
}

@article{Khachatryan:2016vau,
      author         = "Aad, Georges and others",
      title          = "{Measurements of the Higgs boson production and decay
                        rates and constraints on its couplings from a combined
                        ATLAS and CMS analysis of the LHC pp collision data at $
                        \sqrt{s}=7 $ and 8 TeV}",
      collaboration  = "ATLAS, CMS",
      journal        = "JHEP",
      volume         = "08",
      year           = "2016",
      pages          = "045",
      doi            = "10.1007/JHEP08(2016)045",
      eprint         = "1606.02266",
      archivePrefix  = "arXiv",
      primaryClass   = "hep-ex",
      reportNumber   = "CERN-EP-2016-100, ATLAS-HIGG-2015-07, CMS-HIG-15-002",
      SLACcitation   = "%%CITATION = ARXIV:1606.02266;%%"
}

@article{Aad:2015vsa,
      author         = "Aad, Georges and others",
      title          = "{Evidence for the Higgs-boson Yukawa coupling to tau
                        leptons with the ATLAS detector}",
      collaboration  = "ATLAS",
      journal        = "JHEP",
      volume         = "04",
      year           = "2015",
      pages          = "117",
      doi            = "10.1007/JHEP04(2015)117",
      eprint         = "1501.04943",
      archivePrefix  = "arXiv",
      primaryClass   = "hep-ex",
      reportNumber   = "CERN-PH-EP-2014-262",
      SLACcitation   = "%%CITATION = ARXIV:1501.04943;%%"
}

@unpublished{CMS:2016zjv,
      author         = "CMS Collaboration",
      title          = "{First results on Higgs to gammagamma at 13 TeV}",
      collaboration  = "CMS",
      year           = "2016",
      reportNumber   = "CMS-PAS-HIG-15-005",
      SLACcitation   = "%%CITATION = CMS-PAS-HIG-15-005;%%"
}



%%%%%%%%%%%%%%%%%%%%%%%%%%%%%%%%%%%%%%%%%%%%%%%%%%%%%%%%%%%%
% Top mass measurements
%%%%%%%%%%%%%%%%%%%%%%%%%%%%%%%%%%%%%%%%%%%%%%%%%%%%%%%%%%%%

@unpublished{Tevatron:2014cka,
      author         = "Tevatron Electroweak Working Group",
      title          = "{Combination of CDF and D0 results on the mass of the top
                        quark using up to 9.7 fb$^{-1}$ at the Tevatron}",
      collaboration  = "CDF, D0",
      year           = "2014",
      eprint         = "1407.2682",
      archivePrefix  = "arXiv",
      primaryClass   = "hep-ex",
      reportNumber   = "FERMILAB-CONF-14-227-E-TD, TEVEWWG-top2014-01,
                        CDF-Note-11105, D0-Note-6444",
      SLACcitation   = "%%CITATION = ARXIV:1407.2682;%%"
}

@unpublished{ATLAS:2014wva,
      author         = "{Aad, Georges and others}",
      title          = "{First combination of Tevatron and LHC measurements of
                        the top-quark mass}",
      collaboration  = "ATLAS, CDF, CMS, D0",
      year           = "2014",
      eprint         = "1403.4427",
      archivePrefix  = "arXiv",
      primaryClass   = "hep-ex",
      reportNumber   = "ATLAS-CONF-2014-008, CDF-NOTE-11071, CMS-PAS-TOP-13-014,
                        D0-NOTE-6416, FERMILAB-TM-2582-E",
      SLACcitation   = "%%CITATION = ARXIV:1403.4427;%%"
}



%%%%%%%%%%%%%%%%%%%%%%%%%%%%%%%%%%%%%%%%%%%%%%%%%%%%%%%%%%%%
% Higgs fits by friends
%%%%%%%%%%%%%%%%%%%%%%%%%%%%%%%%%%%%%%%%%%%%%%%%%%%%%%%%%%%%

@article{Corbett:2012ja,
      author         = "Corbett, Tyler and Eboli, O. J. P. and Gonzalez-Fraile,
                        J. and Gonzalez-Garcia, M. C.",
      title          = "{Robust Determination of the Higgs Couplings: Power to
                        the Data}",
      journal        = "Phys. Rev.",
      volume         = "D87",
      year           = "2013",
      pages          = "015022",
      doi            = "10.1103/PhysRevD.87.015022",
      eprint         = "1211.4580",
      archivePrefix  = "arXiv",
      primaryClass   = "hep-ph",
      reportNumber   = "YITP-SB-12-42",
      SLACcitation   = "%%CITATION = ARXIV:1211.4580;%%"
}

@phdthesis{Tyler_thesis,
      author         = "Corbett, Tyler",
      title          = "{Effective Lagrangians for Higgs Physics}",
      school         = "{Stony Brook University}",
      year           = "2015",
}

@phdthesis{Juan_thesis,
      author         = "Gonzalez-Fraile, Juan",
      title          = "{On the origin of masses at the LHC}",
      school         = "{Universitat de Barcelona}",
      year           = "2014",
}

@article{Corbett:2015ksa,
      author         = "Corbett, Tyler and Eboli, Oscar J. P. and Goncalves,
                        Dorival and Gonzalez-Fraile, J. and Plehn, Tilman and
                        Rauch, Michael",
      title          = "{The Higgs Legacy of the LHC Run I}",
      journal        = "JHEP",
      volume         = "08",
      year           = "2015",
      pages          = "156",
      doi            = "10.1007/JHEP08(2015)156",
      eprint         = "1505.05516",
      archivePrefix  = "arXiv",
      primaryClass   = "hep-ph",
      reportNumber   = "IPPP-15-32, DCPT-15-64",
      SLACcitation   = "%%CITATION = ARXIV:1505.05516;%%"
}

@unpublished{Corbett:2015mqf,
      author         = "Corbett, Tyler and Eboli, Oscar J. P. and Goncalves,
                        Dorival and Gonzalez-Fraile, J. and Plehn, Tilman and
                        Rauch, Michael",
      title          = "{The Non-Linear Higgs Legacy of the LHC Run I}",
      year           = "2015",
      eprint         = "1511.08188",
      archivePrefix  = "arXiv",
      primaryClass   = "hep-ph",
      reportNumber   = "IPPP-15-69, DCPT-15-138",
      SLACcitation   = "%%CITATION = ARXIV:1511.08188;%%"
}

@article{Butter:2016cvz,
      author         = "Butter, Anja and Ã‰boli, Oscar J. P. and Gonzalez-Fraile,
                        J. and Gonzalez-Garcia, M. C. and Plehn, Tilman and Rauch,
                        Michael",
      title          = "{The Gauge-Higgs Legacy of the LHC Run I}",
      journal        = "JHEP",
      volume         = "07",
      year           = "2016",
      pages          = "152",
      doi            = "10.1007/JHEP07(2016)152",
      eprint         = "1604.03105",
      archivePrefix  = "arXiv",
      primaryClass   = "hep-ph",
      reportNumber   = "YITP-SB-16-10",
      SLACcitation   = "%%CITATION = ARXIV:1604.03105;%%"
}

@article{Klute:2012pu,
      author         = "Klute, Markus and Lafaye, Remi and Plehn, Tilman and
                        Rauch, Michael and Zerwas, Dirk",
      title          = "{Measuring Higgs Couplings from LHC Data}",
      journal        = "Phys. Rev. Lett.",
      volume         = "109",
      year           = "2012",
      pages          = "101801",
      doi            = "10.1103/PhysRevLett.109.101801",
      eprint         = "1205.2699",
      archivePrefix  = "arXiv",
      primaryClass   = "hep-ph",
      reportNumber   = "KA-TP-19-2012, SFB-CPP-12-27",
      SLACcitation   = "%%CITATION = ARXIV:1205.2699;%%"
}

@article{Lopez-Val:2013yba,
      author         = "L{\'o}pez-Val, David and Plehn, Tilman and Rauch, Michael",
      title          = "{Measuring extended Higgs sectors as a consistent free
                        couplings model}",
      journal        = "JHEP",
      volume         = "10",
      year           = "2013",
      pages          = "134",
      doi            = "10.1007/JHEP10(2013)134",
      eprint         = "1308.1979",
      archivePrefix  = "arXiv",
      primaryClass   = "hep-ph",
      SLACcitation   = "%%CITATION = ARXIV:1308.1979;%%"
}




%%%%%%%%%%%%%%%%%%%%%%%%%%%%%%%%%%%%%%%%%%%%%%%%%%%%%%%%%%%%
% Higgs fits by others
%%%%%%%%%%%%%%%%%%%%%%%%%%%%%%%%%%%%%%%%%%%%%%%%%%%%%%%%%%%%

@article{Dobrescu:2012td,
      author         = "Dobrescu, Bogdan A. and Lykken, Joseph D.",
      title          = "{Coupling spans of the Higgs-like boson}",
      journal        = "JHEP",
      volume         = "02",
      year           = "2013",
      pages          = "073",
      doi            = "10.1007/JHEP02(2013)073",
      eprint         = "1210.3342",
      archivePrefix  = "arXiv",
      primaryClass   = "hep-ph",
      reportNumber   = "FERMILAB-PUB-12-557-T",
      SLACcitation   = "%%CITATION = ARXIV:1210.3342;%%"
}

@article{Cheung:2013kla,
      author         = "Cheung, Kingman and Lee, Jae Sik and Tseng, Po-Yan",
      title          = "{Higgs Precision (Higgcision) Era begins}",
      journal        = "JHEP",
      volume         = "05",
      year           = "2013",
      pages          = "134",
      doi            = "10.1007/JHEP05(2013)134",
      eprint         = "1302.3794",
      archivePrefix  = "arXiv",
      primaryClass   = "hep-ph",
      SLACcitation   = "%%CITATION = ARXIV:1302.3794;%%"
}

@article{Giardino:2013bma,
      author         = "Giardino, Pier Paolo and Kannike, Kristjan and Masina,
                        Isabella and Raidal, Martti and Strumia, Alessandro",
      title          = "{The universal Higgs fit}",
      journal        = "JHEP",
      volume         = "05",
      year           = "2014",
      pages          = "046",
      doi            = "10.1007/JHEP05(2014)046",
      eprint         = "1303.3570",
      archivePrefix  = "arXiv",
      primaryClass   = "hep-ph",
      reportNumber   = "CERN-PH-TH-2013-052, IFUP-TH",
      SLACcitation   = "%%CITATION = ARXIV:1303.3570;%%"
}

@article{Chang:2013cia,
      author         = "Chang, We-Fu and Pan, Wei-Ping and Xu, Fanrong",
      title          = "{Effective gauge-Higgs operators analysis of new physics
                        associated with the Higgs boson}",
      journal        = "Phys. Rev.",
      volume         = "D88",
      year           = "2013",
      number         = "3",
      pages          = "033004",
      doi            = "10.1103/PhysRevD.88.033004",
      eprint         = "1303.7035",
      archivePrefix  = "arXiv",
      primaryClass   = "hep-ph",
      SLACcitation   = "%%CITATION = ARXIV:1303.7035;%%"
}

@article{Djouadi:2013qya,
      author         = "Djouadi, Abdelhak and Moreau, GrÃ©gory",
      title          = "{The couplings of the Higgs boson and its CP properties
                        from fits of the signal strengths and their ratios at the
                        7+8 TeV LHC}",
      journal        = "Eur. Phys. J.",
      volume         = "C73",
      year           = "2013",
      number         = "9",
      pages          = "2512",
      doi            = "10.1140/epjc/s10052-013-2512-9",
      eprint         = "1303.6591",
      archivePrefix  = "arXiv",
      primaryClass   = "hep-ph",
      reportNumber   = "LPT-ORSAY-13-19",
      SLACcitation   = "%%CITATION = ARXIV:1303.6591;%%"
}

@article{Bechtle:2015pma,
      author         = "Bechtle, Philip and Heinemeyer, Sven and Stal, Oscar and
                        Stefaniak, Tim and Weiglein, Georg",
      title          = "{Applying Exclusion Likelihoods from LHC Searches to
                        Extended Higgs Sectors}",
      journal        = "Eur. Phys. J.",
      volume         = "C75",
      year           = "2015",
      number         = "9",
      pages          = "421",
      doi            = "10.1140/epjc/s10052-015-3650-z",
      eprint         = "1507.06706",
      archivePrefix  = "arXiv",
      primaryClass   = "hep-ph",
      reportNumber   = "BONN-TH-2015-08, DESY-15-093, SCIPP-15-05",
      SLACcitation   = "%%CITATION = ARXIV:1507.06706;%%"
}

@article{Bechtle:2014ewa,
      author         = "Bechtle, Philip and Heinemeyer, Sven and StÃ¥l, Oscar and
                        Stefaniak, Tim and Weiglein, Georg",
      title          = "{Probing the Standard Model with Higgs signal rates from
                        the Tevatron, the LHC and a future ILC}",
      journal        = "JHEP",
      volume         = "11",
      year           = "2014",
      pages          = "039",
      doi            = "10.1007/JHEP11(2014)039",
      eprint         = "1403.1582",
      archivePrefix  = "arXiv",
      primaryClass   = "hep-ph",
      reportNumber   = "DESY-14-026, BONN-TH-2014-05",
      SLACcitation   = "%%CITATION = ARXIV:1403.1582;%%"
}

@article{Belanger:2013xza,
      author         = "Belanger, G. and Dumont, B. and Ellwanger, U. and Gunion,
                        J. F. and Kraml, S.",
      title          = "{Global fit to Higgs signal strengths and couplings and
                        implications for extended Higgs sectors}",
      journal        = "Phys. Rev.",
      volume         = "D88",
      year           = "2013",
      pages          = "075008",
      doi            = "10.1103/PhysRevD.88.075008",
      eprint         = "1306.2941",
      archivePrefix  = "arXiv",
      primaryClass   = "hep-ph",
      reportNumber   = "LAPTH-032-13, LPSC1319, LPT-ORSAY-13-40, UCD-2013-3",
      SLACcitation   = "%%CITATION = ARXIV:1306.2941;%%"
}

@article{Bernon:2014vta,
      author         = "Bernon, Jeremy and Dumont, Beranger and Kraml, Sabine",
      title          = "{Status of Higgs couplings after run 1 of the LHC}",
      journal        = "Phys. Rev.",
      volume         = "D90",
      year           = "2014",
      pages          = "071301",
      doi            = "10.1103/PhysRevD.90.071301",
      eprint         = "1409.1588",
      archivePrefix  = "arXiv",
      primaryClass   = "hep-ph",
      SLACcitation   = "%%CITATION = ARXIV:1409.1588;%%"
}



%%%%%%%%%%%%%%%%%%%%%%%%%%%%%%%%%%%%%%%%%%%%%%%%%%%%%%%%%%%%
% Theory uncertainties
%%%%%%%%%%%%%%%%%%%%%%%%%%%%%%%%%%%%%%%%%%%%%%%%%%%%%%%%%%%%

@article{Berthier:2015gja,
      author         = "Berthier, Laure and Trott, Michael",
      title          = "{Consistent constraints on the Standard Model Effective
                        Field Theory}",
      journal        = "JHEP",
      volume         = "02",
      year           = "2016",
      pages          = "069",
      doi            = "10.1007/JHEP02(2016)069",
      eprint         = "1508.05060",
      archivePrefix  = "arXiv",
      primaryClass   = "hep-ph",
      SLACcitation   = "%%CITATION = ARXIV:1508.05060;%%"
}

@article{Cranmer:2013hia,
      author         = "Cranmer, Kyle and Kreiss, Sven and Lopez-Val, David and
                        Plehn, Tilman",
      title          = "{Decoupling Theoretical Uncertainties from Measurements
                        of the Higgs Boson}",
      journal        = "Phys. Rev.",
      volume         = "D91",
      year           = "2015",
      number         = "5",
      pages          = "054032",
      doi            = "10.1103/PhysRevD.91.054032",
      eprint         = "1401.0080",
      archivePrefix  = "arXiv",
      primaryClass   = "hep-ph",
      SLACcitation   = "%%CITATION = ARXIV:1401.0080;%%"
}

@article{Fichet:2015xla,
      author         = "Fichet, Sylvain and Moreau, Gr{\'e}gory",
      title          = "{Anatomy of the Higgs fits: a first guide to statistical
                        treatments of the theoretical uncertainties}",
      journal        = "Nucl. Phys.",
      volume         = "B905",
      year           = "2016",
      pages          = "391-446",
      doi            = "10.1016/j.nuclphysb.2016.02.019",
      eprint         = "1509.00472",
      archivePrefix  = "arXiv",
      primaryClass   = "hep-ph",
      reportNumber   = "LPT-ORSAY-15-62",
      SLACcitation   = "%%CITATION = ARXIV:1509.00472;%%"
}