
%%%%%%%%%%%%%%%%%%%%%%%%%%%%%%%%%%%%%%%%%%%%%%%%%%%%%%%%%%%%
% My papers: backbone of thesis
%%%%%%%%%%%%%%%%%%%%%%%%%%%%%%%%%%%%%%%%%%%%%%%%%%%%%%%%%%%%

@article{Brehmer:2015rna,
      author         = "Brehmer, Johann and Freitas, Ayres and Lopez-Val, David
                        and Plehn, Tilman",
      title          = "{Pushing Higgs Effective Theory to its Limits}",
      journal        = "Phys. Rev.",
      volume         = "D93",
      year           = "2016",
      number         = "7",
      pages          = "075014",
      doi            = "10.1103/PhysRevD.93.075014",
      eprint         = "1510.03443",
      archivePrefix  = "arXiv",
      primaryClass   = "hep-ph",
      SLACcitation   = "%%CITATION = ARXIV:1510.03443;%%"
}

@article{Biekotter:2016ecg,
      author         = "Biek{\"o}tter, Anke and Brehmer, Johann and Plehn, Tilman",
      title          = "{Extending the limits of Higgs effective theory}",
      journal        = "Phys. Rev.",
      volume         = "D94",
      year           = "2016",
      number         = "5",
      pages          = "055032",
      doi            = "10.1103/PhysRevD.94.055032",
      eprint         = "1602.05202",
      archivePrefix  = "arXiv",
      primaryClass   = "hep-ph",
      SLACcitation   = "%%CITATION = ARXIV:1602.05202;%%"
}

@unpublished{deFlorian:2016spz,
      author         = "de Florian, D. and others",
      title          = "{Handbook of LHC Higgs Cross Sections: 4.~Deciphering the
                        Nature of the Higgs Sector}",
      collaboration  = "LHC Higgs Cross Section Working Group",
      year           = "2016",
      eprint         = "1610.07922",
      archivePrefix  = "arXiv",
      primaryClass   = "hep-ph",
      reportNumber   = "FERMILAB-FN-1025-T",
      SLACcitation   = "%%CITATION = ARXIV:1610.07922;%%"
}

@article{Brehmer:2016nyr,
      author         = "Brehmer, Johann and Cranmer, Kyle and Kling, Felix and
                        Plehn, Tilman",
      title          = "{Better Higgs Measurements Through Information Geometry}",
      journal        = "Phys. Rev.",
      volume         = "D95",
      number         = "7",
      pages          = "073002",
      numpages       = "18",
      year           = "2017",
      doi            = "10.1103/PhysRevD.95.073002",
      eprint         = "1612.05261",
      archivePrefix  = "arXiv",
      primaryClass   = "hep-ph",
      SLACcitation   = "%%CITATION = ARXIV:1612.05261;%%"
}

@unpublished{Brehmer:CPV_information,
      author         = "Brehmer, Johann and Kling, Felix and
                        Plehn, Tilman",
      title          = "{Understanding CP violation with information geometry}",
      year           = "2017",
      note           = "Work in progress"
}

@unpublished{Brehmer:EFTlecture,
      author         = "Brehmer, Johann",
      title          = "{Higgs Effective Field Theory}",
      year           = "2016",
      note           = "{Student lecture, research training group `Particle Physics Beyond the Standard Model'}",
      url            = "http://www.thphys.uni-heidelberg.de/~gk_ppbsm/lib/exe/fetch.php?media=students:lectures:student_lecture_eft.pdf"
}



%%%%%%%%%%%%%%%%%%%%%%%%%%%%%%%%%%%%%%%%%%%%%%%%%%%%%%%%%%%%
% My papers: others
%%%%%%%%%%%%%%%%%%%%%%%%%%%%%%%%%%%%%%%%%%%%%%%%%%%%%%%%%%%%

@article{Brehmer:2012hh,
      author         = "Brehmer, J. and Lendermann, V. and Maniatis, M. and
                        Nachtmann, O. and Schultz-Coulon, H. -C. and Stamen, R.",
      title          = "{Towards testing a two-Higgs-doublet model with maximal
                        CP symmetry at the LHC: construction of a Monte Carlo
                        event generator}",
      journal        = "Eur. Phys. J.",
      volume         = "C73",
      year           = "2013",
      number         = "4",
      pages          = "2380",
      doi            = "10.1140/epjc/s10052-013-2380-3",
      eprint         = "1209.2537",
      archivePrefix  = "arXiv",
      primaryClass   = "hep-ph",
      SLACcitation   = "%%CITATION = ARXIV:1209.2537;%%"
}

@unpublished{Brehmer:ghost_probability,
      author         = "Brehmer, Johann and Albrecht, Johannes and Seyfert, Paul",
      title          = "{Ghost Probability: An Efficient Tool to Remove Background Tracks}",
      note           = "{Internal note LHCb-INT-2012-025}",
      year           = "2012",
      collaboration  = "{LHCb}",
}

@article{Brehmer:2014pka,
      author         = "Brehmer, Johann and Jaeckel, Joerg and Plehn, Tilman",
      title          = "{Polarized WW Scattering on the Higgs Pole}",
      journal        = "Phys. Rev.",
      volume         = "D90",
      year           = "2014",
      number         = "5",
      pages          = "054023",
      doi            = "10.1103/PhysRevD.90.054023",
      eprint         = "1404.5951",
      archivePrefix  = "arXiv",
      primaryClass   = "hep-ph",
      SLACcitation   = "%%CITATION = ARXIV:1404.5951;%%"
}

@article{Brehmer:2015cia,
      author         = "Brehmer, Johann and Hewett, JoAnne and Kopp, Joachim and
                        Rizzo, Thomas and Tattersall, Jamie",
      title          = "{Symmetry Restored in Dibosons at the LHC?}",
      journal        = "JHEP",
      volume         = "10",
      year           = "2015",
      pages          = "182",
      doi            = "10.1007/JHEP10(2015)182",
      eprint         = "1507.00013",
      archivePrefix  = "arXiv",
      primaryClass   = "hep-ph",
      reportNumber   = "MITP-15-046-SLAC-PUB-16319-TKK-15-15, MITP-15-046,
                        SLAC-PUB-16319, TKK-15-15",
      SLACcitation   = "%%CITATION = ARXIV:1507.00013;%%"
}

@unpublished{Brehmer:2015dan,
      author         = "Brehmer, Johann and others",
      title          = "{The Diboson Excess: Experimental Situation and
                        Classification of Explanations; A Les Houches
                        Pre-Proceeding}",
      year           = "2015",
      eprint         = "1512.04357",
      archivePrefix  = "arXiv",
      primaryClass   = "hep-ph",
      reportNumber   = "CERN-PH-TH-2015-297",
      SLACcitation   = "%%CITATION = ARXIV:1512.04357;%%"
}

@unpublished{Brooijmans:2016vro,
      author         = "Brooijmans, G. and others",
      title          = "{Les Houches 2015: Physics at TeV colliders - new physics
                        working group report}",
      booktitle      = "{9th Les Houches Workshop on Physics at TeV Colliders}",
      year           = "2016",
      eprint         = "1605.02684",
      archivePrefix  = "arXiv",
      primaryClass   = "hep-ph",
      SLACcitation   = "%%CITATION = ARXIV:1605.02684;%%"
}