

%%%%%%%%%%%%%%%%%%%%%%%%%%%%%%%%%%%%%%%%%%%%%%%%%%%%%%%%%%%%
% Basic LHC physics
%%%%%%%%%%%%%%%%%%%%%%%%%%%%%%%%%%%%%%%%%%%%%%%%%%%%%%%%%%%%

@article{Plehn:2009nd,
      author         = "Plehn, Tilman",
      title          = "{Lectures on LHC Physics}",
      journal        = "Lect. Notes Phys.",
      volume         = "844",
      year           = "2012",
      pages          = "1-193",
      doi            = "10.1007/978-3-642-24040-9",
      eprint         = "0910.4182",
      archivePrefix  = "arXiv",
      primaryClass   = "hep-ph",
      SLACcitation   = "%%CITATION = ARXIV:0910.4182;%%"
}

@article{Englert:2014uua,
      author         = "Englert, C. and Freitas, A. and MÃ¼hlleitner, M. M. and
                        Plehn, T. and Rauch, M. and Spira, M. and Walz, K.",
      title          = "{Precision Measurements of Higgs Couplings: Implications
                        for New Physics Scales}",
      journal        = "J. Phys.",
      volume         = "G41",
      year           = "2014",
      pages          = "113001",
      doi            = "10.1088/0954-3899/41/11/113001",
      eprint         = "1403.7191",
      archivePrefix  = "arXiv",
      primaryClass   = "hep-ph",
      reportNumber   = "PSI-PR-14-01, KA-TP-06-2014, SFB-CPP-14-13",
      SLACcitation   = "%%CITATION = ARXIV:1403.7191;%%"
}

@article{Morrissey:2009tf,
      author         = "Morrissey, David E. and Plehn, Tilman and Tait, Tim M.
                        P.",
      title          = "{Physics searches at the LHC}",
      journal        = "Phys. Rept.",
      volume         = "515",
      year           = "2012",
      pages          = "1-113",
      doi            = "10.1016/j.physrep.2012.02.007",
      eprint         = "0912.3259",
      archivePrefix  = "arXiv",
      primaryClass   = "hep-ph",
      reportNumber   = "ANL-HEP-PR-09-114, UCI-TR-2009-17, NUHEP-TH-09-19",
      SLACcitation   = "%%CITATION = ARXIV:0912.3259;%%"
}



%%%%%%%%%%%%%%%%%%%%%%%%%%%%%%%%%%%%%%%%%%%%%%%%%%%%%%%%%%%%
% Weak boson fusion
%%%%%%%%%%%%%%%%%%%%%%%%%%%%%%%%%%%%%%%%%%%%%%%%%%%%%%%%%%%%

@article{Rainwater:1998kj,
      author         = "Rainwater, David L. and Zeppenfeld, D. and Hagiwara,
                        Kaoru",
      title          = "{Searching for $H\to\tau^+\tau^-$ in weak boson fusion at
                        the CERN LHC}",
      journal        = "Phys. Rev.",
      volume         = "D59",
      year           = "1998",
      pages          = "014037",
      doi            = "10.1103/PhysRevD.59.014037",
      eprint         = "hep-ph/9808468",
      archivePrefix  = "arXiv",
      primaryClass   = "hep-ph",
      reportNumber   = "MADPH-98-1057, KEK-PREPRINT-98-166, KEK-TH-589",
      SLACcitation   = "%%CITATION = HEP-PH/9808468;%%"
}

@article{Hankele:2006ma,
      author         = "Hankele, V. and Klamke, G. and Zeppenfeld, D. and Figy,
                        T.",
      title          = "{Anomalous Higgs boson couplings in vector boson fusion
                        at the CERN LHC}",
      journal        = "Phys. Rev.",
      volume         = "D74",
      year           = "2006",
      pages          = "095001",
      doi            = "10.1103/PhysRevD.74.095001",
      eprint         = "hep-ph/0609075",
      archivePrefix  = "arXiv",
      primaryClass   = "hep-ph",
      reportNumber   = "KA-TP-09-2006",
      SLACcitation   = "%%CITATION = HEP-PH/0609075;%%"
}

@article{Alwall:2007ed,
      author         = "Alwall, Johan and Rainwater, Dave and Plehn, Tilman",
      title          = "{Same-Sign Charginos and Majorana Neutralinos at the CERN
                        LHC}",
      journal        = "Phys. Rev.",
      volume         = "D76",
      year           = "2007",
      pages          = "055006",
      doi            = "10.1103/PhysRevD.76.055006",
      eprint         = "0706.0536",
      archivePrefix  = "arXiv",
      primaryClass   = "hep-ph",
      reportNumber   = "SLAC-PUB-12579",
      SLACcitation   = "%%CITATION = ARXIV:0706.0536;%%"
}

@article{Hagiwara:2009wt,
      author         = "Hagiwara, Kaoru and Li, Qiang and Mawatari, Kentarou",
      title          = "{Jet angular correlation in vector-boson fusion processes
                        at hadron colliders}",
      journal        = "JHEP",
      volume         = "07",
      year           = "2009",
      pages          = "101",
      doi            = "10.1088/1126-6708/2009/07/101",
      eprint         = "0905.4314",
      archivePrefix  = "arXiv",
      primaryClass   = "hep-ph",
      reportNumber   = "KEK-TH-1219, KA-TP-08-03, SFB-CPP-08-03, HD-THEP-09-6,
                        KIAS-P08016",
      SLACcitation   = "%%CITATION = ARXIV:0905.4314;%%"
}

@article{Englert:2012xt,
      author         = "Englert, Christoph and Goncalves-Netto, Dorival and
                        Mawatari, Kentarou and Plehn, Tilman",
      title          = "{Higgs Quantum Numbers in Weak Boson Fusion}",
      journal        = "JHEP",
      volume         = "01",
      year           = "2013",
      pages          = "148",
      doi            = "10.1007/JHEP01(2013)148",
      eprint         = "1212.0843",
      archivePrefix  = "arXiv",
      primaryClass   = "hep-ph",
      reportNumber   = "IPPP-12-90, DCPT-12-180",
      SLACcitation   = "%%CITATION = ARXIV:1212.0843;%%"
}



%%%%%%%%%%%%%%%%%%%%%%%%%%%%%%%%%%%%%%%%%%%%%%%%%%%%%%%%%%%%
% High-energy WW scattering
%%%%%%%%%%%%%%%%%%%%%%%%%%%%%%%%%%%%%%%%%%%%%%%%%%%%%%%%%%%%

@article{Han:2009em,
      author         = "Han, Tao and Krohn, David and Wang, Lian-Tao and Zhu,
                        Wenhan",
      title          = "{New Physics Signals in Longitudinal Gauge Boson
                        Scattering at the LHC}",
      journal        = "JHEP",
      volume         = "03",
      year           = "2010",
      pages          = "082",
      doi            = "10.1007/JHEP03(2010)082",
      eprint         = "0911.3656",
      archivePrefix  = "arXiv",
      primaryClass   = "hep-ph",
      SLACcitation   = "%%CITATION = ARXIV:0911.3656;%%"
}

@article{Corbett:2015lfa,
      author         = "Corbett, Tyler and {\'E}boli, O. J. P. and Gonzalez-Garcia,
                        M. C.",
      title          = "{Inverse amplitude method for the perturbative
                        electroweak symmetry breaking sector: The singlet Higgs
                        portal as a study case}",
      journal        = "Phys. Rev.",
      volume         = "D93",
      year           = "2016",
      number         = "1",
      pages          = "015005",
      doi            = "10.1103/PhysRevD.93.015005",
      eprint         = "1509.01585",
      archivePrefix  = "arXiv",
      primaryClass   = "hep-ph",
      reportNumber   = "YITP-SB-15-34",
      SLACcitation   = "%%CITATION = ARXIV:1509.01585;%%"
}




%%%%%%%%%%%%%%%%%%%%%%%%%%%%%%%%%%%%%%%%%%%%%%%%%%%%%%%%%%%%
% ggh coupling
%%%%%%%%%%%%%%%%%%%%%%%%%%%%%%%%%%%%%%%%%%%%%%%%%%%%%%%%%%%%

@article{Djouadi:2005gi,
      author         = "Djouadi, Abdelhak",
      title          = "{The Anatomy of electro-weak symmetry breaking. I: The
                        Higgs boson in the standard model}",
      journal        = "Phys. Rept.",
      volume         = "457",
      year           = "2008",
      pages          = "1-216",
      doi            = "10.1016/j.physrep.2007.10.004",
      eprint         = "hep-ph/0503172",
      archivePrefix  = "arXiv",
      primaryClass   = "hep-ph",
      reportNumber   = "LPT-ORSAY-05-17",
      SLACcitation   = "%%CITATION = HEP-PH/0503172;%%"
}



%%%%%%%%%%%%%%%%%%%%%%%%%%%%%%%%%%%%%%%%%%%%%%%%%%%%%%%%%%%%
% Resolving Higgs loops, off-shell measurements etc
%%%%%%%%%%%%%%%%%%%%%%%%%%%%%%%%%%%%%%%%%%%%%%%%%%%%%%%%%%%%

@article{Azatov:2014jga,
      author         = "Azatov, Aleksandr and Grojean, Christophe and Paul, Ayan
                        and Salvioni, Ennio",
      title          = "{Taming the off-shell Higgs boson}",
      journal        = "Zh. Eksp. Teor. Fiz.",
      volume         = "147",
      year           = "2015",
      pages          = "410-425",
      doi            = "10.1134/S1063776115030140, 10.7868/S0044451015030039",
      note           = "[J. Exp. Theor. Phys.120,354(2015)]",
      eprint         = "1406.6338",
      archivePrefix  = "arXiv",
      primaryClass   = "hep-ph",
      reportNumber   = "CERN-PH-TH-2014-108",
      SLACcitation   = "%%CITATION = ARXIV:1406.6338;%%"
}

@article{Buschmann:2014sia,
      author         = "Buschmann, Malte and Goncalves, Dorival and Kuttimalai,
                        Silvan and Schonherr, Marek and Krauss, Frank and Plehn,
                        Tilman",
      title          = "{Mass Effects in the Higgs-Gluon Coupling: Boosted vs
                        Off-Shell Production}",
      journal        = "JHEP",
      volume         = "02",
      year           = "2015",
      pages          = "038",
      doi            = "10.1007/JHEP02(2015)038",
      eprint         = "1410.5806",
      archivePrefix  = "arXiv",
      primaryClass   = "hep-ph",
      reportNumber   = "IPPP-14-93, DCPT-14-186",
      SLACcitation   = "%%CITATION = ARXIV:1410.5806;%%"
}

@article{Azatov:2016xik,
      author         = "Azatov, Aleksandr and Grojean, Christophe and Paul, Ayan
                        and Salvioni, Ennio",
      title          = "{Resolving gluon fusion loops at current and future
                        hadron colliders}",
      journal        = "JHEP",
      volume         = "09",
      year           = "2016",
      pages          = "123",
      doi            = "10.1007/JHEP09(2016)123",
      eprint         = "1608.00977",
      archivePrefix  = "arXiv",
      primaryClass   = "hep-ph",
      SLACcitation   = "%%CITATION = ARXIV:1608.00977;%%"
}



%%%%%%%%%%%%%%%%%%%%%%%%%%%%%%%%%%%%%%%%%%%%%%%%%%%%%%%%%%%%
% Higgs pair production
%%%%%%%%%%%%%%%%%%%%%%%%%%%%%%%%%%%%%%%%%%%%%%%%%%%%%%%%%%%%

@article{Plehn:1996wb,
      author         = "Plehn, T. and Spira, M. and Zerwas, P. M.",
      title          = "{Pair production of neutral Higgs particles in
                        gluon-gluon collisions}",
      journal        = "Nucl. Phys.",
      volume         = "B479",
      year           = "1996",
      pages          = "46-64",
      doi            = "10.1016/0550-3213(96)00418-X,
                        10.1016/S0550-3213(98)00406-4",
      note           = "[Erratum: Nucl. Phys.B531,655(1998)]",
      eprint         = "hep-ph/9603205",
      archivePrefix  = "arXiv",
      primaryClass   = "hep-ph",
      reportNumber   = "DESY-95-215",
      SLACcitation   = "%%CITATION = HEP-PH/9603205;%%"
}

@article{Baur:2002rb,
      author         = "Baur, Ulrich and Plehn, Tilman and Rainwater, David L.",
      title          = "{Measuring the Higgs boson self coupling at the LHC and
                        finite top mass matrix elements}",
      journal        = "Phys. Rev. Lett.",
      volume         = "89",
      year           = "2002",
      pages          = "151801",
      doi            = "10.1103/PhysRevLett.89.151801",
      eprint         = "hep-ph/0206024",
      archivePrefix  = "arXiv",
      primaryClass   = "hep-ph",
      reportNumber   = "FERMILAB-PUB-02-084-T, UB-HET-02-03, MADPH-02-1271,
                        FERMILAB-PUB-02-092-T",
      SLACcitation   = "%%CITATION = HEP-PH/0206024;%%"
}

@article{Gillioz:2012se,
      author         = "Gillioz, M. and Grober, R. and Grojean, C. and
                        Muhlleitner, M. and Salvioni, E.",
      title          = "{Higgs Low-Energy Theorem (and its corrections) in
                        Composite Models}",
      journal        = "JHEP",
      volume         = "10",
      year           = "2012",
      pages          = "004",
      doi            = "10.1007/JHEP10(2012)004",
      eprint         = "1206.7120",
      archivePrefix  = "arXiv",
      primaryClass   = "hep-ph",
      reportNumber   = "CERN-PH-TH-2012-176, KA-TP-26-2012, SFB-CPP-12-43,
                        ZU-TH-09-12, LPN12-062",
      SLACcitation   = "%%CITATION = ARXIV:1206.7120;%%"
}

@article{Dawson:2012mk,
      author         = "Dawson, Sally and Furlan, Elisabetta and Lewis, Ian",
      title          = "{Unravelling an extended quark sector through multiple
                        Higgs production?}",
      journal        = "Phys. Rev.",
      volume         = "D87",
      year           = "2013",
      number         = "1",
      pages          = "014007",
      doi            = "10.1103/PhysRevD.87.014007",
      eprint         = "1210.6663",
      archivePrefix  = "arXiv",
      primaryClass   = "hep-ph",
      SLACcitation   = "%%CITATION = ARXIV:1210.6663;%%"
}

@article{Li:2013rra,
      author         = "Li, Xin and Voloshin, M. B.",
      title          = "{Remarks on double Higgs boson production by gluon fusion
                        at threshold}",
      journal        = "Phys. Rev.",
      volume         = "D89",
      year           = "2014",
      number         = "1",
      pages          = "013012",
      doi            = "10.1103/PhysRevD.89.013012",
      eprint         = "1311.5156",
      archivePrefix  = "arXiv",
      primaryClass   = "hep-ph",
      reportNumber   = "FTPI-MINN-13-40, UMN-TH-3312-13",
      SLACcitation   = "%%CITATION = ARXIV:1311.5156;%%"
}