

%%%%%%%%%%%%%%%%%%%%%%%%%%%%%%%%%%%%%%%%%%%%%%%%%%%%%%%%%%%%
% Chapter quotes
%%%%%%%%%%%%%%%%%%%%%%%%%%%%%%%%%%%%%%%%%%%%%%%%%%%%%%%%%%%%

@book{carroll1898alice,
  title={Alice's Adventures in Wonderland},
  author={Carroll, L.},
  year={1865},
  publisher={Macmillan}
}

@book{box1987empirical,
  title={Empirical model-building and response surfaces},
  author={Box, G.E.P. and Draper, N.R.},
  isbn={9780471810339},
  series={Wiley series in probability and mathematical statistics: Applied probability and statistics},
  year={1987},
  publisher={Wiley}
}

@misc{berlin_blueskies,
  title={Blue Skies},
  author={Berlin, Irving},
  year={1926}
}

@misc{plehn_defense,
  howpublished="private communication",
  author={Plehn, Tilman},
  year={2017}
}

@book{martin1997game,
  title={A Game of Thrones},
  author={Martin, G.R.R.},
  isbn={9780553573404},
  lccn={95043936},
  series={A Bantam spectra book: Fantasy},
  year={1997},
  publisher={Bantam Books}
}

@misc{cullum_twentysomething,
  title={Twentysomething},
  author={Cullum, J.},
  year={2003},
}

@book{allen1971getting,
  title={Getting even},
  author={Allen, W.},
  isbn={9780394473482},
  lccn={70162954},
  year={1971},
  publisher={Random House}
}

@book{adams2002salmon,
  title={The Salmon of Doubt: Hitchhiking the Galaxy One Last Time},
  author={Adams, D.},
  isbn={9781400045082},
  lccn={2002022798},
  year={2002},
  publisher={Harmony Books}
}
