
%%%%%%%%%%%%%%%%%%%%%%%%%%%%%%%%%%%%%%%%%%%%%%%%%%%%%%%%%%%%
% Statistics general
%%%%%%%%%%%%%%%%%%%%%%%%%%%%%%%%%%%%%%%%%%%%%%%%%%%%%%%%%%%%

@article{Cowan:2010js,
      author         = "Cowan, Glen and Cranmer, Kyle and Gross, Eilam and
                        Vitells, Ofer",
      title          = "{Asymptotic formulae for likelihood-based tests of new
                        physics}",
      journal        = "Eur. Phys. J.",
      volume         = "C71",
      year           = "2011",
      pages          = "1554",
      doi            = "10.1140/epjc/s10052-011-1554-0,
                        10.1140/epjc/s10052-013-2501-z",
      note           = "[Erratum: Eur. Phys. J.C73,2501(2013)]",
      eprint         = "1007.1727",
      archivePrefix  = "arXiv",
      primaryClass   = "physics.data-an",
      SLACcitation   = "%%CITATION = ARXIV:1007.1727;%%"
}

@article{Wilks:1938dza,
      author         = "Wilks, S. S.",
      title          = "{The Large-Sample Distribution of the Likelihood Ratio
                        for Testing Composite Hypotheses}",
      journal        = "Annals Math. Statist.",
      volume         = "9",
      year           = "1938",
      number         = "1",
      pages          = "60-62",
      doi            = "10.1214/aoms/1177732360",
      SLACcitation   = "%%CITATION = AASTA,9,60;%%"
}

@inproceedings{Cranmer:2015nia,
      author         = "Cranmer, Kyle",
      title          = "{Practical Statistics for the LHC}",
      booktitle      = "{Proceedings, 2011 European School of High-Energy Physics
                        (ESHEP 2011): Cheile Gradistei, Romania, September 7-20,
                        2011}",
      year           = "2015",
      url            = "http://inspirehep.net/record/1356277/files/arXiv:1503.07622.pdf",
      pages          = "267-308",
      doi            = "10.5170/CERN-2015-001.247, 10.5170/CERN-2014-003.267",
      note           = "[,247(2015)]",
      eprint         = "1503.07622",
      archivePrefix  = "arXiv",
      primaryClass   = "physics.data-an",
      SLACcitation   = "%%CITATION = ARXIV:1503.07622;%%"
}




%%%%%%%%%%%%%%%%%%%%%%%%%%%%%%%%%%%%%%%%%%%%%%%%%%%%%%%%%%%%
% Information geometry and Cramer-Rao bound
%%%%%%%%%%%%%%%%%%%%%%%%%%%%%%%%%%%%%%%%%%%%%%%%%%%%%%%%%%%%

@article{Rao:1945,
    AUTHOR = {Radhakrishna Rao, C.},
     TITLE = {Information and the accuracy attainable in the estimation of
              statistical parameters},
   JOURNAL = {Bull. Calcutta Math. Soc.},
  FJOURNAL = {Bulletin of the Calcutta Mathematical Society},
    VOLUME = {37},
      YEAR = {1945},
     PAGES = {81--91},
      ISSN = {0008-0659}
}

@book{Cramer:1946,
  title={Mathematical Methods of Statistics},
  author={Cram{\'e}r, H.},
  isbn={0691080046},
  year={1946},
  publisher={Princeton University Press}
}

@book{Rao:1994,
  title={Selected papers of C.R. Rao},
  author={Rao, C.R. and Das Gupta, S.},
  number={v. 1},
  isbn={9780470220917},
  lccn={lc93010974},
  series={Selected Papers of C.R. Rao},
  year={1994},
  publisher={Wiley}
}




%%%%%%%%%%%%%%%%%%%%%%%%%%%%%%%%%%%%%%%%%%%%%%%%%%%%%%%%%%%%
% Multivariate stuff
%%%%%%%%%%%%%%%%%%%%%%%%%%%%%%%%%%%%%%%%%%%%%%%%%%%%%%%%%%%%

@unpublished{cranmer:nips2016,
      author = "Cranmer, Kyle",
      title  = "{Machine Learning and Likelihood Free Inference in Particle Physics}",
      year   = "2016",
      note   = {Keynote at the Thirtieth Annual Conference on Neural Information Processing Systems (NIPS)},
      URL    = "https://nips.cc/Conferences/2016/Schedule?showEvent=6195",
}

@article{Kondo:1988yd,
      author         = "Kondo, K.",
      title          = "{Dynamical Likelihood Method for Reconstruction of Events
                        With Missing Momentum. 1: Method and Toy Models}",
      journal        = "J. Phys. Soc. Jap.",
      volume         = "57",
      year           = "1988",
      pages          = "4126-4140",
      doi            = "10.1143/JPSJ.57.4126",
      SLACcitation   = "%%CITATION = JUPSA,57,4126;%%"
}

@article{Atwood:1991ka,
      author         = "Atwood, D. and Soni, A.",
      title          = "{Analysis for magnetic moment and electric dipole moment
                        form-factors of the top quark via e+ e- ---> t anti-t}",
      journal        = "Phys. Rev.",
      volume         = "D45",
      year           = "1992",
      pages          = "2405-2413",
      doi            = "10.1103/PhysRevD.45.2405",
      reportNumber   = "BNL-46892",
      SLACcitation   = "%%CITATION = PHRVA,D45,2405;%%"
}

@article{Gao:2010qx,
      author         = "Gao, Yanyan and Gritsan, Andrei V. and Guo, Zijin and
                        Melnikov, Kirill and Schulze, Markus and Tran, Nhan V.",
      title          = "{Spin determination of single-produced resonances at
                        hadron colliders}",
      journal        = "Phys. Rev.",
      volume         = "D81",
      year           = "2010",
      pages          = "075022",
      doi            = "10.1103/PhysRevD.81.075022",
      eprint         = "1001.3396",
      archivePrefix  = "arXiv",
      primaryClass   = "hep-ph",
      reportNumber   = "FERMILAB-PUB-10-011-E",
      SLACcitation   = "%%CITATION = ARXIV:1001.3396;%%"
}

@article{Bolognesi:2012mm,
      author         = "Bolognesi, Sara and Gao, Yanyan and Gritsan, Andrei V.
                        and Melnikov, Kirill and Schulze, Markus and Tran, Nhan V.
                        and Whitbeck, Andrew",
      title          = "{On the spin and parity of a single-produced resonance at
                        the LHC}",
      journal        = "Phys. Rev.",
      volume         = "D86",
      year           = "2012",
      pages          = "095031",
      doi            = "10.1103/PhysRevD.86.095031",
      eprint         = "1208.4018",
      archivePrefix  = "arXiv",
      primaryClass   = "hep-ph",
      reportNumber   = "ANL-HEP-PR-12-62, FERMILAB-PUB-12-475-PPD",
      SLACcitation   = "%%CITATION = ARXIV:1208.4018;%%"
}



@article{Martini:2015fsa,
      author         = "Martini, Till and Uwer, Peter",
      title          = "{Extending the Matrix Element Method beyond the Born
                        approximation: Calculating event weights at
                        next-to-leading order accuracy}",
      journal        = "JHEP",
      volume         = "09",
      year           = "2015",
      pages          = "083",
      doi            = "10.1007/JHEP09(2015)083",
      eprint         = "1506.08798",
      archivePrefix  = "arXiv",
      primaryClass   = "hep-ph",
      reportNumber   = "HU-EP-15-28",
      SLACcitation   = "%%CITATION = ARXIV:1506.08798;%%"
}

@article{Gritsan:2016hjl,
      author         = "Gritsan, Andrei V. and R{\"o}ntsch, Raoul and Schulze,
                        Markus and Xiao, Meng",
      title          = "{Constraining anomalous Higgs boson couplings to the
                        heavy flavor fermions using matrix element techniques}",
      journal        = "Phys. Rev.",
      volume         = "D94",
      year           = "2016",
      number         = "5",
      pages          = "055023",
      doi            = "10.1103/PhysRevD.94.055023",
      eprint         = "1606.03107",
      archivePrefix  = "arXiv",
      primaryClass   = "hep-ph",
      reportNumber   = "TTP16-020, CERN-TH-2016-135",
      SLACcitation   = "%%CITATION = ARXIV:1606.03107;%%"
}

@article{Cranmer:2015bka,
      author         = "Cranmer, Kyle and Pavez, Juan and Louppe, Gilles",
      title          = "{Approximating Likelihood Ratios with Calibrated
                        Discriminative  Classifiers}",
      year           = "2015",
      eprint         = "1506.02169",
      archivePrefix  = "arXiv",
      primaryClass   = "stat.AP",
      SLACcitation   = "%%CITATION = ARXIV:1506.02169;%%"
}