
%%%%%%%%%%%%%%%%%%%%%%%%%%%%%%%%%%%%%%%%%%%%%%%%%%%%%%%%%%%%
% QFT textbooks
%%%%%%%%%%%%%%%%%%%%%%%%%%%%%%%%%%%%%%%%%%%%%%%%%%%%%%%%%%%%

@book{peskin1995introduction,
  title={An Introduction to Quantum Field Theory},
  author={Peskin, M.E. and Schroeder, D.V.},
  isbn={9780201503975},
  lccn={89027170},
  year={1995},
  publisher={Avalon Publishing}
}

@book{srednicki2007quantum,
  title={Quantum Field Theory},
  author={Srednicki, M.},
  isbn={9781139462761},
  year={2007},
  publisher={Cambridge University Press}
}




%%%%%%%%%%%%%%%%%%%%%%%%%%%%%%%%%%%%%%%%%%%%%%%%%%%%%%%%%%%%
% SM
%%%%%%%%%%%%%%%%%%%%%%%%%%%%%%%%%%%%%%%%%%%%%%%%%%%%%%%%%%%%

@article{Glashow:1961tr,
      author         = "Glashow, S. L.",
      title          = "{Partial Symmetries of Weak Interactions}",
      journal        = "Nucl. Phys.",
      volume         = "22",
      year           = "1961",
      pages          = "579-588",
      doi            = "10.1016/0029-5582(61)90469-2",
      SLACcitation   = "%%CITATION = NUPHA,22,579;%%"
}

@article{Weinberg:1967tq,
      author         = "Weinberg, Steven",
      title          = "{A Model of Leptons}",
      journal        = "Phys. Rev. Lett.",
      volume         = "19",
      year           = "1967",
      pages          = "1264-1266",
      doi            = "10.1103/PhysRevLett.19.1264",
      SLACcitation   = "%%CITATION = PRLTA,19,1264;%%"
}

@article{Salam:1968rm,
      author         = "Salam, Abdus",
      title          = "{Weak and Electromagnetic Interactions}",
      booktitle      = "{8th Nobel Symposium Lerum, Sweden, May 19-25, 1968}",
      journal        = "Conf. Proc.",
      volume         = "C680519",
      year           = "1968",
      pages          = "367-377",
      SLACcitation   = "%%CITATION = CONFP,C680519,367;%%"
}



%%%%%%%%%%%%%%%%%%%%%%%%%%%%%%%%%%%%%%%%%%%%%%%%%%%%%%%%%%%%
% Higgs theory
%%%%%%%%%%%%%%%%%%%%%%%%%%%%%%%%%%%%%%%%%%%%%%%%%%%%%%%%%%%%

@article{Higgs:1964ia,
      author         = "Higgs, Peter W.",
      title          = "{Broken symmetries, massless particles and gauge fields}",
      journal        = "Phys. Lett.",
      volume         = "12",
      year           = "1964",
      pages          = "132-133",
      doi            = "10.1016/0031-9163(64)91136-9",
      SLACcitation   = "%%CITATION = PHLTA,12,132;%%"
}

@article{Higgs:1964pj,
      author         = "Higgs, Peter W.",
      title          = "{Broken Symmetries and the Masses of Gauge Bosons}",
      journal        = "Phys. Rev. Lett.",
      volume         = "13",
      year           = "1964",
      pages          = "508-509",
      doi            = "10.1103/PhysRevLett.13.508",
      SLACcitation   = "%%CITATION = PRLTA,13,508;%%"
}

@article{Englert:1964et,
      author         = "Englert, F. and Brout, R.",
      title          = "{Broken Symmetry and the Mass of Gauge Vector Mesons}",
      journal        = "Phys. Rev. Lett.",
      volume         = "13",
      year           = "1964",
      pages          = "321-323",
      doi            = "10.1103/PhysRevLett.13.321",
      SLACcitation   = "%%CITATION = PRLTA,13,321;%%"
}

@article{Guralnik:1964eu,
      author         = "Guralnik, G. S. and Hagen, C. R. and Kibble, T. W. B.",
      title          = "{Global Conservation Laws and Massless Particles}",
      journal        = "Phys. Rev. Lett.",
      volume         = "13",
      year           = "1964",
      pages          = "585-587",
      doi            = "10.1103/PhysRevLett.13.585",
      SLACcitation   = "%%CITATION = PRLTA,13,585;%%"
}

@article{Higgs:1966ev,
      author         = "Higgs, Peter W.",
      title          = "{Spontaneous Symmetry Breakdown without Massless Bosons}",
      journal        = "Phys. Rev.",
      volume         = "145",
      year           = "1966",
      pages          = "1156-1163",
      doi            = "10.1103/PhysRev.145.1156",
      SLACcitation   = "%%CITATION = PHRVA,145,1156;%%"
}



%%%%%%%%%%%%%%%%%%%%%%%%%%%%%%%%%%%%%%%%%%%%%%%%%%%%%%%%%%%%
% Arguments for new physics in Higgs observables
%%%%%%%%%%%%%%%%%%%%%%%%%%%%%%%%%%%%%%%%%%%%%%%%%%%%%%%%%%%%

@article{Degrassi:2012ry,
      author         = "Degrassi, Giuseppe and Di Vita, Stefano and Elias-Miro,
                        Joan and Espinosa, Jose R. and Giudice, Gian F. and
                        Isidori, Gino and Strumia, Alessandro",
      title          = "{Higgs mass and vacuum stability in the Standard Model at
                        NNLO}",
      journal        = "JHEP",
      volume         = "08",
      year           = "2012",
      pages          = "098",
      doi            = "10.1007/JHEP08(2012)098",
      eprint         = "1205.6497",
      archivePrefix  = "arXiv",
      primaryClass   = "hep-ph",
      reportNumber   = "CERN-PH-TH-2012-134, RM3-TH-12-9",
      SLACcitation   = "%%CITATION = ARXIV:1205.6497;%%"
}

@unpublished{Plehn:DM,
      author         = "Plehn, Tilman",
      title          = "{Dark Matter from a Particle Theorist's Perspective}",
      year           = "2017",
      url            = "http://www.thphys.uni-heidelberg.de/~plehn/pics/dark_matter.pdf"
}

@article{Eichhorn:2015kea,
      author         = "Eichhorn, Astrid and Gies, Holger and Jaeckel, Joerg and
                        Plehn, Tilman and Scherer, Michael M. and Sondenheimer,
                        Ren{\'e}",
      title          = "{The Higgs Mass and the Scale of New Physics}",
      journal        = "JHEP",
      volume         = "04",
      year           = "2015",
      pages          = "022",
      doi            = "10.1007/JHEP04(2015)022",
      eprint         = "1501.02812",
      archivePrefix  = "arXiv",
      primaryClass   = "hep-ph",
      SLACcitation   = "%%CITATION = ARXIV:1501.02812;%%"
}

@article{Graham:2015cka,
      author         = "Graham, Peter W. and Kaplan, David E. and Rajendran,
                        Surjeet",
      title          = "{Cosmological Relaxation of the Electroweak Scale}",
      journal        = "Phys. Rev. Lett.",
      volume         = "115",
      year           = "2015",
      number         = "22",
      pages          = "221801",
      doi            = "10.1103/PhysRevLett.115.221801",
      eprint         = "1504.07551",
      archivePrefix  = "arXiv",
      primaryClass   = "hep-ph",
      SLACcitation   = "%%CITATION = ARXIV:1504.07551;%%"
}

@article{Arkani-Hamed:2016rle,
      author         = "Arkani-Hamed, Nima and Cohen, Timothy and D'Agnolo,
                        Raffaele Tito and Hook, Anson and Kim, Hyung Do and
                        Pinner, David",
      title          = "{Solving the Hierarchy Problem at Reheating with a Large
                        Number of Degrees of Freedom}",
      journal        = "Phys. Rev. Lett.",
      volume         = "117",
      year           = "2016",
      number         = "25",
      pages          = "251801",
      doi            = "10.1103/PhysRevLett.117.251801",
      eprint         = "1607.06821",
      archivePrefix  = "arXiv",
      primaryClass   = "hep-ph",
      SLACcitation   = "%%CITATION = ARXIV:1607.06821;%%"
}

@article{Bezrukov:2007ep,
      author         = "Bezrukov, Fedor L. and Shaposhnikov, Mikhail",
      title          = "{The Standard Model Higgs boson as the inflaton}",
      journal        = "Phys. Lett.",
      volume         = "B659",
      year           = "2008",
      pages          = "703-706",
      doi            = "10.1016/j.physletb.2007.11.072",
      eprint         = "0710.3755",
      archivePrefix  = "arXiv",
      primaryClass   = "hep-th",
      SLACcitation   = "%%CITATION = ARXIV:0710.3755;%%"
}



%%%%%%%%%%%%%%%%%%%%%%%%%%%%%%%%%%%%%%%%%%%%%%%%%%%%%%%%%%%%
% Naturalness vs anthropic principle
%%%%%%%%%%%%%%%%%%%%%%%%%%%%%%%%%%%%%%%%%%%%%%%%%%%%%%%%%%%%

@article{Carr:1979sg,
      author         = "Carr, Bernard J. and Rees, M. J.",
      title          = "{The anthropic principle and the structure of the
                        physical world}",
      journal        = "Nature",
      volume         = "278",
      year           = "1979",
      pages          = "605-612",
      doi            = "10.1038/278605a0",
      SLACcitation   = "%%CITATION = NATUA,278,605;%%"
}

@book{Barrow:1988yia,
      author         = "Barrow, John D. and Tipler, Frank J.",
      title          = "{The Anthropic Cosmological Principle}",
      publisher      = "Oxford U. Pr.",
      address        = "Oxford",
      year           = "1988",
      ISBN           = "0192821474, 9780192821478",
      SLACcitation   = "%%CITATION = INSPIRE-1267732;%%"
}

@unpublished{Giudice:2008bi,
      author         = "Giudice, Gian Francesco",
      title          = "{Naturally Speaking: The Naturalness Criterion and
                        Physics at the LHC}",
      year           = "2008",
      doi            = "10.1142/9789812779762_0010",
      eprint         = "0801.2562",
      archivePrefix  = "arXiv",
      primaryClass   = "hep-ph",
      SLACcitation   = "%%CITATION = ARXIV:0801.2562;%%"
}

@inproceedings{Bardeen:1995kv,
      author         = "Bardeen, William A.",
      title          = "{On naturalness in the standard model}",
      booktitle      = "{Ontake Summer Institute on Particle Physics}",
      url            = "http://lss.fnal.gov/cgi-bin/find_paper.pl?conf-95-391",
      year           = "1995",
      reportNumber   = "FERMILAB-CONF-95-391-T, C95-08-27.3",
      SLACcitation   = "%%CITATION = FERMILAB-CONF-95-391-T;%%"
}

@article{Weinberg:1987dv,
      author         = "Weinberg, Steven",
      title          = "{Anthropic Bound on the Cosmological Constant}",
      journal        = "Phys. Rev. Lett.",
      volume         = "59",
      year           = "1987",
      pages          = "2607",
      doi            = "10.1103/PhysRevLett.59.2607",
      reportNumber   = "UTTG-06-87",
      SLACcitation   = "%%CITATION = PRLTA,59,2607;%%"
}

@article{Agrawal:1997gf,
      author         = "Agrawal, V. and Barr, Stephen M. and Donoghue, John F.
                        and Seckel, D.",
      title          = "{The Anthropic principle and the mass scale of the
                        standard model}",
      journal        = "Phys. Rev.",
      volume         = "D57",
      year           = "1998",
      pages          = "5480-5492",
      doi            = "10.1103/PhysRevD.57.5480",
      eprint         = "hep-ph/9707380",
      archivePrefix  = "arXiv",
      primaryClass   = "hep-ph",
      SLACcitation   = "%%CITATION = HEP-PH/9707380;%%"
}

@article{Harnik:2006vj,
      author         = "Harnik, Roni and Kribs, Graham D. and Perez, Gilad",
      title          = "{A Universe without weak interactions}",
      journal        = "Phys. Rev.",
      volume         = "D74",
      year           = "2006",
      pages          = "035006",
      doi            = "10.1103/PhysRevD.74.035006",
      eprint         = "hep-ph/0604027",
      archivePrefix  = "arXiv",
      primaryClass   = "hep-ph",
      reportNumber   = "SLAC-PUB-11795",
      SLACcitation   = "%%CITATION = HEP-PH/0604027;%%"
}

@unpublished{Clavelli:2006di,
      author         = "Clavelli, L. and White, III, R. E.",
      title          = "{Problems in a weakless universe}",
      year           = "2006",
      eprint         = "hep-ph/0609050",
      archivePrefix  = "arXiv",
      primaryClass   = "hep-ph",
      SLACcitation   = "%%CITATION = HEP-PH/0609050;%%"
}

@article{Donoghue:2009me,
      author         = "Donoghue, John F. and Dutta, Koushik and Ross, Andreas
                        and Tegmark, Max",
      title          = "{Likely values of the Higgs vev}",
      journal        = "Phys. Rev.",
      volume         = "D81",
      year           = "2010",
      pages          = "073003",
      doi            = "10.1103/PhysRevD.81.073003",
      eprint         = "0903.1024",
      archivePrefix  = "arXiv",
      primaryClass   = "hep-ph",
      reportNumber   = "MPP-2009-24",
      SLACcitation   = "%%CITATION = ARXIV:0903.1024;%%"
}

@article{Gedalia:2010iy,
      author         = "Gedalia, Oram and Jenkins, Alejandro and Perez, Gilad",
      title          = "{Why do we observe a weak force? The Hierarchy problem in
                        the multiverse}",
      journal        = "Phys. Rev.",
      volume         = "D83",
      year           = "2011",
      pages          = "115020",
      doi            = "10.1103/PhysRevD.83.115020",
      eprint         = "1010.2626",
      archivePrefix  = "arXiv",
      primaryClass   = "hep-ph",
      SLACcitation   = "%%CITATION = ARXIV:1010.2626;%%"
}

@article{Adams:2015hvd,
      author         = "Adams, Fred C.",
      title          = "{Constraints on Alternate Universes: Stars and habitable
                        planets with different fundamental constants}",
      journal        = "JCAP",
      volume         = "1602",
      year           = "2016",
      number         = "02",
      pages          = "042",
      doi            = "10.1088/1475-7516/2016/02/042",
      eprint         = "1511.06958",
      archivePrefix  = "arXiv",
      primaryClass   = "astro-ph.CO",
      SLACcitation   = "%%CITATION = ARXIV:1511.06958;%%"
}

@inproceedings{Murayama:2000dw,
      author         = "Murayama, Hitoshi",
      title          = "{Supersymmetry phenomenology}",
      booktitle      = "{Proceedings, Summer School in Particle Physics, Trieste}",
      year           = "2000",
      pages          = "296-335",
      eprint         = "hep-ph/0002232",
      archivePrefix  = "arXiv",
      primaryClass   = "hep-ph",
      reportNumber   = "UCB-PTH-00-05, LBNL-45321",
      SLACcitation   = "%%CITATION = HEP-PH/0002232;%%"
}




%%%%%%%%%%%%%%%%%%%%%%%%%%%%%%%%%%%%%%%%%%%%%%%%%%%%%%%%%%%%
% Composite Higgs / dilaton
%%%%%%%%%%%%%%%%%%%%%%%%%%%%%%%%%%%%%%%%%%%%%%%%%%%%%%%%%%%%

@article{Kaplan:1983fs,
      author         = "Kaplan, David B. and Georgi, Howard",
      title          = "{SU(2) x U(1) Breaking by Vacuum Misalignment}",
      journal        = "Phys. Lett.",
      volume         = "B136",
      year           = "1984",
      pages          = "183-186",
      doi            = "10.1016/0370-2693(84)91177-8",
      reportNumber   = "HUTP-83/A069",
      SLACcitation   = "%%CITATION = PHLTA,B136,183;%%"
}

@article{Kaplan:1983sm,
      author         = "Kaplan, David B. and Georgi, Howard and Dimopoulos,
                        Savas",
      title          = "{Composite Higgs Scalars}",
      journal        = "Phys. Lett.",
      volume         = "B136",
      year           = "1984",
      pages          = "187-190",
      doi            = "10.1016/0370-2693(84)91178-X",
      reportNumber   = "HUTP-83/A079",
      SLACcitation   = "%%CITATION = PHLTA,B136,187;%%"
}

@article{Banks:1984gj,
      author         = "Banks, Tom",
      title          = "{Constraints on SU(2) x U(1) breaking by vacuum
                        misalignment}",
      journal        = "Nucl. Phys.",
      volume         = "B243",
      year           = "1984",
      pages          = "125-130",
      doi            = "10.1016/0550-3213(84)90389-4",
      reportNumber   = "Print-84-0314 (IAS,PRINCETON)",
      SLACcitation   = "%%CITATION = NUPHA,B243,125;%%"
}

@article{Agashe:2004rs,
      author         = "Agashe, Kaustubh and Contino, Roberto and Pomarol, Alex",
      title          = "{The Minimal composite Higgs model}",
      journal        = "Nucl. Phys.",
      volume         = "B719",
      year           = "2005",
      pages          = "165-187",
      doi            = "10.1016/j.nuclphysb.2005.04.035",
      eprint         = "hep-ph/0412089",
      archivePrefix  = "arXiv",
      primaryClass   = "hep-ph",
      reportNumber   = "UAB-FT-567",
      SLACcitation   = "%%CITATION = HEP-PH/0412089;%%"
}

@article{Gripaios:2009pe,
      author         = "Gripaios, Ben and Pomarol, Alex and Riva, Francesco and
                        Serra, Javi",
      title          = "{Beyond the Minimal Composite Higgs Model}",
      journal        = "JHEP",
      volume         = "04",
      year           = "2009",
      pages          = "070",
      doi            = "10.1088/1126-6708/2009/04/070",
      eprint         = "0902.1483",
      archivePrefix  = "arXiv",
      primaryClass   = "hep-ph",
      SLACcitation   = "%%CITATION = ARXIV:0902.1483;%%"
}

@article{Halyo:1991pc,
      author         = "Halyo, E.",
      title          = "{Technidilaton or Higgs?}",
      journal        = "Mod. Phys. Lett.",
      volume         = "A8",
      year           = "1993",
      pages          = "275-284",
      doi            = "10.1142/S0217732393000271",
      reportNumber   = "MIT-CTP-1994",
      SLACcitation   = "%%CITATION = MPLAE,A8,275;%%"
}

@article{Goldberger:2008zz,
      author         = "Goldberger, Walter D. and Grinstein, Benjamin and Skiba,
                        Witold",
      title          = "{Distinguishing the Higgs boson from the dilaton at the
                        Large Hadron Collider}",
      journal        = "Phys. Rev. Lett.",
      volume         = "100",
      year           = "2008",
      pages          = "111802",
      doi            = "10.1103/PhysRevLett.100.111802",
      eprint         = "0708.1463",
      archivePrefix  = "arXiv",
      primaryClass   = "hep-ph",
      reportNumber   = "UCSD-PTH-07-09",
      SLACcitation   = "%%CITATION = ARXIV:0708.1463;%%"
}


%%%%%%%%%%%%%%%%%%%%%%%%%%%%%%%%%%%%%%%%%%%%%%%%%%%%%%%%%%%%
% SUSY
%%%%%%%%%%%%%%%%%%%%%%%%%%%%%%%%%%%%%%%%%%%%%%%%%%%%%%%%%%%%

@article{Nilles:1983ge,
      author         = "Nilles, Hans Peter",
      title          = "{Supersymmetry, Supergravity and Particle Physics}",
      journal        = "Phys. Rept.",
      volume         = "110",
      year           = "1984",
      pages          = "1-162",
      doi            = "10.1016/0370-1573(84)90008-5",
      reportNumber   = "UGVA-DPT-1983-12-412",
      SLACcitation   = "%%CITATION = PRPLC,110,1;%%"
}

@article{Haber:1984rc,
      author         = "Haber, Howard E. and Kane, Gordon L.",
      title          = "{The Search for Supersymmetry: Probing Physics Beyond the
                        Standard Model}",
      journal        = "Phys. Rept.",
      volume         = "117",
      year           = "1985",
      pages          = "75-263",
      doi            = "10.1016/0370-1573(85)90051-1",
      reportNumber   = "UM-HE-TH-83-17, SCIPP-85-47",
      SLACcitation   = "%%CITATION = PRPLC,117,75;%%"
}

@article{Martin:1997ns,
      author         = "Martin, Stephen P.",
      title          = "{A Supersymmetry primer}",
      year           = "1997",
      doi            = "10.1142/9789812839657_0001, 10.1142/9789814307505_0001",
      note           = "[Adv. Ser. Direct. High Energy Phys.18,1(1998)]",
      eprint         = "hep-ph/9709356",
      archivePrefix  = "arXiv",
      primaryClass   = "hep-ph",
      reportNumber   = "FERMILAB-PUB-97-425-T",
      SLACcitation   = "%%CITATION = HEP-PH/9709356;%%"
}



%%%%%%%%%%%%%%%%%%%%%%%%%%%%%%%%%%%%%%%%%%%%%%%%%%%%%%%%%%%%
% Extra dimensions
%%%%%%%%%%%%%%%%%%%%%%%%%%%%%%%%%%%%%%%%%%%%%%%%%%%%%%%%%%%%

@article{ArkaniHamed:1998rs,
      author         = "Arkani-Hamed, Nima and Dimopoulos, Savas and Dvali, G.
                        R.",
      title          = "{The Hierarchy problem and new dimensions at a
                        millimeter}",
      journal        = "Phys. Lett.",
      volume         = "B429",
      year           = "1998",
      pages          = "263-272",
      doi            = "10.1016/S0370-2693(98)00466-3",
      eprint         = "hep-ph/9803315",
      archivePrefix  = "arXiv",
      primaryClass   = "hep-ph",
      reportNumber   = "SLAC-PUB-7769, SU-ITP-98-13",
      SLACcitation   = "%%CITATION = HEP-PH/9803315;%%"
}

@article{ArkaniHamed:1998nn,
      author         = "Arkani-Hamed, Nima and Dimopoulos, Savas and Dvali, G.
                        R.",
      title          = "{Phenomenology, astrophysics and cosmology of theories
                        with submillimeter dimensions and TeV scale quantum
                        gravity}",
      journal        = "Phys. Rev.",
      volume         = "D59",
      year           = "1999",
      pages          = "086004",
      doi            = "10.1103/PhysRevD.59.086004",
      eprint         = "hep-ph/9807344",
      archivePrefix  = "arXiv",
      primaryClass   = "hep-ph",
      reportNumber   = "SLAC-PUB-7864, SU-ITP-98-142, IC-98-44",
      SLACcitation   = "%%CITATION = HEP-PH/9807344;%%"
}

@article{Randall:1999ee,
      author         = "Randall, Lisa and Sundrum, Raman",
      title          = "{A Large mass hierarchy from a small extra dimension}",
      journal        = "Phys. Rev. Lett.",
      volume         = "83",
      year           = "1999",
      pages          = "3370-3373",
      doi            = "10.1103/PhysRevLett.83.3370",
      eprint         = "hep-ph/9905221",
      archivePrefix  = "arXiv",
      primaryClass   = "hep-ph",
      reportNumber   = "MIT-CTP-2860, PUPT-1860, BUHEP-99-9",
      SLACcitation   = "%%CITATION = HEP-PH/9905221;%%"
}

@article{Appelquist:2000nn,
      author         = "Appelquist, Thomas and Cheng, Hsin-Chia and Dobrescu,
                        Bogdan A.",
      title          = "{Bounds on universal extra dimensions}",
      journal        = "Phys. Rev.",
      volume         = "D64",
      year           = "2001",
      pages          = "035002",
      doi            = "10.1103/PhysRevD.64.035002",
      eprint         = "hep-ph/0012100",
      archivePrefix  = "arXiv",
      primaryClass   = "hep-ph",
      reportNumber   = "YCTP-P12-00, EFI-2000-48, EFI--2000-48",
      SLACcitation   = "%%CITATION = HEP-PH/0012100;%%"
}


%%%%%%%%%%%%%%%%%%%%%%%%%%%%%%%%%%%%%%%%%%%%%%%%%%%%%%%%%%%%
% Froggatt-Nielsen
%%%%%%%%%%%%%%%%%%%%%%%%%%%%%%%%%%%%%%%%%%%%%%%%%%%%%%%%%%%%

@article{Froggatt:1978nt,
      author         = "Froggatt, C. D. and Nielsen, Holger Bech",
      title          = "{Hierarchy of Quark Masses, Cabibbo Angles and CP
                        Violation}",
      journal        = "Nucl. Phys.",
      volume         = "B147",
      year           = "1979",
      pages          = "277-298",
      doi            = "10.1016/0550-3213(79)90316-X",
      reportNumber   = "CERN-TH-2519",
      SLACcitation   = "%%CITATION = NUPHA,B147,277;%%"
}




%%%%%%%%%%%%%%%%%%%%%%%%%%%%%%%%%%%%%%%%%%%%%%%%%%%%%%%%%%%%
% Baryon asymmetry
%%%%%%%%%%%%%%%%%%%%%%%%%%%%%%%%%%%%%%%%%%%%%%%%%%%%%%%%%%%%

@article{Sakharov:1967dj,
      author         = "Sakharov, A. D.",
      title          = "{Violation of CP Invariance, C Asymmetry, and Baryon
                        Asymmetry of the Universe}",
      journal        = "Pisma Zh. Eksp. Teor. Fiz.",
      volume         = "5",
      year           = "1967",
      pages          = "32-35",
      doi            = "10.1070/PU1991v034n05ABEH002497",
      note           = "[Usp. Fiz. Nauk161,61(1991)]",
      SLACcitation   = "%%CITATION = ZFPRA,5,32;%%"
}

@article{Kobayashi:1973fv,
      author         = "Kobayashi, Makoto and Maskawa, Toshihide",
      title          = "{CP Violation in the Renormalizable Theory of Weak
                        Interaction}",
      journal        = "Prog. Theor. Phys.",
      volume         = "49",
      year           = "1973",
      pages          = "652-657",
      doi            = "10.1143/PTP.49.652",
      reportNumber   = "KUNS-242",
      SLACcitation   = "%%CITATION = PTPKA,49,652;%%"
}

@article{Kuzmin:1985mm,
      author         = "Kuzmin, V. A. and Rubakov, V. A. and Shaposhnikov, M. E.",
      title          = "{On the Anomalous Electroweak Baryon Number
                        Nonconservation in the Early Universe}",
      journal        = "Phys. Lett.",
      volume         = "B155",
      year           = "1985",
      pages          = "36",
      doi            = "10.1016/0370-2693(85)91028-7",
      reportNumber   = "IC/85/8",
      SLACcitation   = "%%CITATION = PHLTA,B155,36;%%"
}

@article{Kajantie:1996mn,
      author         = "Kajantie, K. and Laine, M. and Rummukainen, K. and
                        Shaposhnikov, Mikhail E.",
      title          = "{Is there a hot electroweak phase transition at m(H)
                        larger or equal to m(W)?}",
      journal        = "Phys. Rev. Lett.",
      volume         = "77",
      year           = "1996",
      pages          = "2887-2890",
      doi            = "10.1103/PhysRevLett.77.2887",
      eprint         = "hep-ph/9605288",
      archivePrefix  = "arXiv",
      primaryClass   = "hep-ph",
      reportNumber   = "CERN-TH-96-126, HD-THEP-96-15, IUHET-333",
      SLACcitation   = "%%CITATION = HEP-PH/9605288;%%"
}

@article{Rubakov:1996vz,
      author         = "Rubakov, V. A. and Shaposhnikov, M. E.",
      title          = "{Electroweak baryon number nonconservation in the early
                        universe and in high-energy collisions}",
      journal        = "Usp. Fiz. Nauk",
      volume         = "166",
      year           = "1996",
      pages          = "493-537",
      doi            = "10.1070/PU1996v039n05ABEH000145",
      note           = "[Phys. Usp.39,461(1996)]",
      eprint         = "hep-ph/9603208",
      archivePrefix  = "arXiv",
      primaryClass   = "hep-ph",
      reportNumber   = "CERN-TH-96-13, INR-0913-96",
      SLACcitation   = "%%CITATION = HEP-PH/9603208;%%"
}

@article{McLerran:1990zh,
      author         = "McLerran, Larry D. and Shaposhnikov, Mikhail E. and
                        Turok, Neil and Voloshin, Mikhail B.",
      title          = "{Why the baryon asymmetry of the universe is
                        approximately $10^{-10}$}",
      journal        = "Phys. Lett.",
      volume         = "B256",
      year           = "1991",
      pages          = "451-456",
      doi            = "10.1016/0370-2693(91)91794-V",
      reportNumber   = "PUPT-90-1224, TPI-90-63T",
      SLACcitation   = "%%CITATION = PHLTA,B256,451;%%"
}

@article{Turok:1990zg,
      author         = "Turok, Neil and Zadrozny, John",
      title          = "{Electroweak baryogenesis in the two doublet model}",
      journal        = "Nucl. Phys.",
      volume         = "B358",
      year           = "1991",
      pages          = "471-493",
      doi            = "10.1016/0550-3213(91)90356-3",
      reportNumber   = "PUPT-90-1216",
      SLACcitation   = "%%CITATION = NUPHA,B358,471;%%"
}

@article{Cohen:1991iu,
      author         = "Cohen, Andrew G. and Kaplan, D. B. and Nelson, A. E.",
      title          = "{Spontaneous baryogenesis at the weak phase transition}",
      journal        = "Phys. Lett.",
      volume         = "B263",
      year           = "1991",
      pages          = "86-92",
      doi            = "10.1016/0370-2693(91)91711-4",
      reportNumber   = "UCSD-PTH-91-11, BUHEP-91-5",
      SLACcitation   = "%%CITATION = PHLTA,B263,86;%%"
}



%%%%%%%%%%%%%%%%%%%%%%%%%%%%%%%%%%%%%%%%%%%%%%%%%%%%%%%%%%%%
% Unitarity
%%%%%%%%%%%%%%%%%%%%%%%%%%%%%%%%%%%%%%%%%%%%%%%%%%%%%%%%%%%%

@article{Cornwall:1974km,
      author         = "Cornwall, John M. and Levin, David N. and Tiktopoulos,
                        George",
      title          = "{Derivation of Gauge Invariance from High-Energy
                        Unitarity Bounds on the s Matrix}",
      journal        = "Phys. Rev.",
      volume         = "D10",
      year           = "1974",
      pages          = "1145",
      doi            = "10.1103/PhysRevD.10.1145, 10.1103/PhysRevD.11.972",
      note           = "[Erratum: Phys.\ Rev.\ D11, p.\ 972, 1975]",
      reportNumber   = "UCLA-74-TEP-2",
      SLACcitation   = "%%CITATION = PHRVA,D10,1145;%%"
}

@article{Cornwall:1973tb,
      author         = "Cornwall, John M. and Levin, David N. and Tiktopoulos,
                        George",
      title          = "{Uniqueness of spontaneously broken gauge theories}",
      journal        = "Phys. Rev. Lett.",
      volume         = "30",
      year           = "1973",
      pages          = "1268-1270",
      doi            = "10.1103/PhysRevLett.30.1268",
      note           = "[Erratum: Phys.\ Rev.\ Lett.\ 31, p.\ 572, 1973]",
      SLACcitation   = "%%CITATION = PRLTA,30,1268;%%"
}

@article{LlewellynSmith:1973yud,
      author         = "Llewellyn Smith, C. H.",
      title          = "{High-Energy Behavior and Gauge Symmetry}",
      journal        = "Phys. Lett.",
      volume         = "B46",
      year           = "1973",
      pages          = "233-236",
      doi            = "10.1016/0370-2693(73)90692-8",
      SLACcitation   = "%%CITATION = PHLTA,B46,233;%%"
}

@article{Weldon:1984th,
      author         = "Weldon, H. Arthur",
      title          = "{Constraints on scalar masses implied spontaneous symmetry breaking}",
      journal        = "Phys. Lett.",
      volume         = "B146",
      year           = "1984",
      pages          = "59-62",
      doi            = "10.1016/0370-2693(84)90643-9",
      reportNumber   = "Print-84-0401 (PENN)",
      SLACcitation   = "%%CITATION = PHLTA,B146,59;%%"
}

@article{Weldon:1984wt,
      author         = "Weldon, H. Arthur",
      title          = "{The Effects of Multiple Higgs Bosons on Tree Unitarity}",
      journal        = "Phys. Rev.",
      volume         = "D30",
      year           = "1984",
      pages          = "1547",
      doi            = "10.1103/PhysRevD.30.1547",
      reportNumber   = "Print-84-0742 (PENN)",
      SLACcitation   = "%%CITATION = PHRVA,D30,1547;%%"
}

@article{Gunion:1990kf,
      author         = "Gunion, J. F. and Haber, H. E. and Wudka, J.",
      title          = "{Sum rules for Higgs bosons}",
      journal        = "Phys. Rev.",
      volume         = "D43",
      year           = "1991",
      pages          = "904-912",
      doi            = "10.1103/PhysRevD.43.904",
      reportNumber   = "NSF-ITP-90-127, UCD-90-18, SCIPP-90-15",
      SLACcitation   = "%%CITATION = PHRVA,D43,904;%%"
}


%%%%%%%%%%%%%%%%%%%%%%%%%%%%%%%%%%%%%%%%%%%%%%%%%%%%%%%%%%%%
% Singlet
%%%%%%%%%%%%%%%%%%%%%%%%%%%%%%%%%%%%%%%%%%%%%%%%%%%%%%%%%%%%

@article{Silveira:1985rk,
      author         = "Silveira, Vanda and Zee, A.",
      title          = "{Scalar phantoms}",
      journal        = "Phys. Lett.",
      volume         = "B161",
      year           = "1985",
      pages          = "136-140",
      doi            = "10.1016/0370-2693(85)90624-0",
      reportNumber   = "DOE-ER-40048-13 P5",
      SLACcitation   = "%%CITATION = PHLTA,B161,136;%%"
}

@article{Schabinger:2005ei,
      author         = "Schabinger, Robert M. and Wells, James D.",
      title          = "{A Minimal spontaneously broken hidden sector and its
                        impact on Higgs boson physics at the large hadron
                        collider}",
      journal        = "Phys. Rev.",
      volume         = "D72",
      year           = "2005",
      pages          = "093007",
      doi            = "10.1103/PhysRevD.72.093007",
      eprint         = "hep-ph/0509209",
      archivePrefix  = "arXiv",
      primaryClass   = "hep-ph",
      SLACcitation   = "%%CITATION = HEP-PH/0509209;%%"
}

@unpublished{Patt:2006fw,
      author         = "Patt, Brian and Wilczek, Frank",
      title          = "{Higgs-field portal into hidden sectors}",
      year           = "2006",
      eprint         = "hep-ph/0605188",
      archivePrefix  = "arXiv",
      primaryClass   = "hep-ph",
      reportNumber   = "MIT-CTP-3745",
      SLACcitation   = "%%CITATION = HEP-PH/0605188;%%"
}

@article{Pruna:2013bma,
      author         = "Pruna, Giovanni Marco and Robens, Tania",
      title          = "{Higgs singlet extension parameter space in the light of
                        the LHC discovery}",
      journal        = "Phys. Rev.",
      volume         = "D88",
      year           = "2013",
      number         = "11",
      pages          = "115012",
      doi            = "10.1103/PhysRevD.88.115012",
      eprint         = "1303.1150",
      archivePrefix  = "arXiv",
      primaryClass   = "hep-ph",
      reportNumber   = "PSI-PR-13-03",
      SLACcitation   = "%%CITATION = ARXIV:1303.1150;%%"
}

@article{Lopez-Val:2014jva,
      author         = "L{\'o}opez-Val, D. and Robens, T.",
      title          = "{{$\Delta$}r and the W-boson mass in the singlet extension of the
                        standard model}",
      journal        = "Phys. Rev.",
      volume         = "D90",
      year           = "2014",
      pages          = "114018",
      doi            = "10.1103/PhysRevD.90.114018",
      eprint         = "1406.1043",
      archivePrefix  = "arXiv",
      primaryClass   = "hep-ph",
      SLACcitation   = "%%CITATION = ARXIV:1406.1043;%%"
}

@article{Robens:2015gla,
      author         = "Robens, Tania and Stefaniak, Tim",
      title          = "{Status of the Higgs Singlet Extension of the Standard
                        Model after LHC Run 1}",
      journal        = "Eur. Phys. J.",
      volume         = "C75",
      year           = "2015",
      pages          = "104",
      doi            = "10.1140/epjc/s10052-015-3323-y",
      eprint         = "1501.02234",
      archivePrefix  = "arXiv",
      primaryClass   = "hep-ph",
      reportNumber   = "SCIPP-15-02",
      SLACcitation   = "%%CITATION = ARXIV:1501.02234;%%"
}

@article{Robens:2016xkb,
      author         = "Robens, Tania and Stefaniak, Tim",
      title          = "{LHC Benchmark Scenarios for the Real Higgs Singlet
                        Extension of the Standard Model}",
      journal        = "Eur. Phys. J.",
      volume         = "C76",
      year           = "2016",
      number         = "5",
      pages          = "268",
      doi            = "10.1140/epjc/s10052-016-4115-8",
      eprint         = "1601.07880",
      archivePrefix  = "arXiv",
      primaryClass   = "hep-ph",
      reportNumber   = "SCIPP-16-03",
      SLACcitation   = "%%CITATION = ARXIV:1601.07880;%%"
}



%%%%%%%%%%%%%%%%%%%%%%%%%%%%%%%%%%%%%%%%%%%%%%%%%%%%%%%%%%%%
% 2HDM
%%%%%%%%%%%%%%%%%%%%%%%%%%%%%%%%%%%%%%%%%%%%%%%%%%%%%%%%%%%%

@article{Glashow:1976nt,
      author         = "Glashow, Sheldon L. and Weinberg, Steven",
      title          = "{Natural Conservation Laws for Neutral Currents}",
      journal        = "Phys. Rev.",
      volume         = "D15",
      year           = "1977",
      pages          = "1958",
      doi            = "10.1103/PhysRevD.15.1958",
      reportNumber   = "HUTP-76-A158",
      SLACcitation   = "%%CITATION = PHRVA,D15,1958;%%"
}

@article{Gunion:1989we,
      author         = "Gunion, John F. and Haber, Howard E. and Kane, Gordon L.
                        and Dawson, Sally",
      title          = "{The Higgs Hunter's Guide}",
      journal        = "Front. Phys.",
      volume         = "80",
      year           = "2000",
      pages          = "1-404",
      reportNumber   = "SCIPP-89/13, UCD-89-4, BNL-41644",
      SLACcitation   = "%%CITATION = FRPHA,80,1;%%"
}

@article{Haber:2000kq,
      author         = "Haber, Howard E. and Herrero, Maria J. and Logan, Heather
                        E. and Penaranda, Siannah and Rigolin, Stefano and Temes,
                        David",
      title          = "{SUSY QCD corrections to the MSSM h0 $b \bar{b}$ vertex
                        in the decoupling limit}",
      journal        = "Phys. Rev.",
      volume         = "D63",
      year           = "2001",
      pages          = "055004",
      doi            = "10.1103/PhysRevD.63.055004",
      eprint         = "hep-ph/0007006",
      archivePrefix  = "arXiv",
      primaryClass   = "hep-ph",
      reportNumber   = "FERMILAB-PUB-00-138-T, FTUAM-99-27, IFT-UAM-00-20,
                        SCIPP-00-22",
      SLACcitation   = "%%CITATION = HEP-PH/0007006;%%"
}

@article{Davidson:2005cw,
      author         = "Davidson, Sacha and Haber, Howard E.",
      title          = "{Basis-independent methods for the two-Higgs-doublet
                        model}",
      journal        = "Phys. Rev.",
      volume         = "D72",
      year           = "2005",
      pages          = "035004",
      doi            = "10.1103/PhysRevD.72.099902, 10.1103/PhysRevD.72.035004",
      note           = "[Erratum: Phys.\ Rev.\ D72, p.\ 099902, 2005]",
      eprint         = "hep-ph/0504050",
      archivePrefix  = "arXiv",
      primaryClass   = "hep-ph",
      reportNumber   = "IPPP-03-23, DCPT-03-46, SCIPP-04-15",
      SLACcitation   = "%%CITATION = HEP-PH/0504050;%%"
}

@article{Branco:2011iw,
      author         = "Branco, G. C. and Ferreira, P. M. and Lavoura, L. and
                        Rebelo, M. N. and Sher, Marc and Silva, Joao P.",
      title          = "{Theory and phenomenology of two-Higgs-doublet models}",
      journal        = "Phys. Rept.",
      volume         = "516",
      year           = "2012",
      pages          = "1-102",
      doi            = "10.1016/j.physrep.2012.02.002",
      eprint         = "1106.0034",
      archivePrefix  = "arXiv",
      primaryClass   = "hep-ph",
      SLACcitation   = "%%CITATION = ARXIV:1106.0034;%%"
}

@article{Carena:2013ytb,
      author         = "Carena, M. and Heinemeyer, S. and St{\aa}l, O. and Wagner,
                        C. E. M. and Weiglein, G.",
      title          = "{MSSM Higgs Boson Searches at the LHC: Benchmark
                        Scenarios after the Discovery of a Higgs-like Particle}",
      journal        = "Eur. Phys. J.",
      volume         = "C73",
      year           = "2013",
      number         = "9",
      pages          = "2552",
      doi            = "10.1140/epjc/s10052-013-2552-1",
      eprint         = "1302.7033",
      archivePrefix  = "arXiv",
      primaryClass   = "hep-ph",
      reportNumber   = "ANL-HEP-PR-13-12, EFI-13-2, DESY-13-024,
                        FERMILAB-PUB-13-041-T",
      SLACcitation   = "%%CITATION = ARXIV:1302.7033;%%"
}

@article{Ferreira:2014naa,
      author         = "Ferreira, P. M. and Gunion, John F. and Haber, Howard E.
                        and Santos, Rui",
      title          = "{Probing wrong-sign Yukawa couplings at the LHC and a
                        future linear collider}",
      journal        = "Phys. Rev.",
      volume         = "D89",
      year           = "2014",
      number         = "11",
      pages          = "115003",
      doi            = "10.1103/PhysRevD.89.115003",
      eprint         = "1403.4736",
      archivePrefix  = "arXiv",
      primaryClass   = "hep-ph",
      reportNumber   = "SCIPP-14-02, UCD-2014-2",
      SLACcitation   = "%%CITATION = ARXIV:1403.4736;%%"
}




%%%%%%%%%%%%%%%%%%%%%%%%%%%%%%%%%%%%%%%%%%%%%%%%%%%%%%%%%%%%
% 2HDM: Alignment without decoupling
%%%%%%%%%%%%%%%%%%%%%%%%%%%%%%%%%%%%%%%%%%%%%%%%%%%%%%%%%%%%

@article{Gunion:2002zf,
      author         = "Gunion, John F. and Haber, Howard E.",
      title          = "{The CP conserving two Higgs doublet model: The Approach
                        to the decoupling limit}",
      journal        = "Phys. Rev.",
      volume         = "D67",
      year           = "2003",
      pages          = "075019",
      doi            = "10.1103/PhysRevD.67.075019",
      eprint         = "hep-ph/0207010",
      archivePrefix  = "arXiv",
      primaryClass   = "hep-ph",
      reportNumber   = "SCIPP-02-10",
      SLACcitation   = "%%CITATION = HEP-PH/0207010;%%"
}

@unpublished{Craig:2013hca,
      author         = "Craig, Nathaniel and Galloway, Jamison and Thomas, Scott",
      title          = "{Searching for Signs of the Second Higgs Doublet}",
      year           = "2013",
      eprint         = "1305.2424",
      archivePrefix  = "arXiv",
      primaryClass   = "hep-ph",
      reportNumber   = "RU-NHETC-2013-07",
      SLACcitation   = "%%CITATION = ARXIV:1305.2424;%%"
}

@article{Carena:2013ooa,
      author         = "Carena, Marcela and Low, Ian and Shah, Nausheen R. and
                        Wagner, Carlos E. M.",
      title          = "{Impersonating the Standard Model Higgs Boson: Alignment
                        without Decoupling}",
      journal        = "JHEP",
      volume         = "04",
      year           = "2014",
      pages          = "015",
      doi            = "10.1007/JHEP04(2014)015",
      eprint         = "1310.2248",
      archivePrefix  = "arXiv",
      primaryClass   = "hep-ph",
      reportNumber   = "ANL-HEP-PR-13-50, EFI-13-27, FERMILAB-PUB-13-455-T,
                        MCTP-13-31",
      SLACcitation   = "%%CITATION = ARXIV:1310.2248;%%"
}

@article{Delgado:2013zfa,
      author         = "Delgado, Antonio and Nardini, Germano and Quiros,
                        Mariano",
      title          = "{A Light Supersymmetric Higgs Sector Hidden by a Standard
                        Model-like Higgs}",
      journal        = "JHEP",
      volume         = "07",
      year           = "2013",
      pages          = "054",
      doi            = "10.1007/JHEP07(2013)054",
      eprint         = "1303.0800",
      archivePrefix  = "arXiv",
      primaryClass   = "hep-ph",
      reportNumber   = "BI-TP-2013-05, UAB-FT-730",
      SLACcitation   = "%%CITATION = ARXIV:1303.0800;%%"
}




%%%%%%%%%%%%%%%%%%%%%%%%%%%%%%%%%%%%%%%%%%%%%%%%%%%%%%%%%%%%
% 2HDM: Electroweak constraints
%%%%%%%%%%%%%%%%%%%%%%%%%%%%%%%%%%%%%%%%%%%%%%%%%%%%%%%%%%%%

@article{Veltman:1976rt,
      author         = "Veltman, M. J. G.",
      title          = "{Second Threshold in Weak Interactions}",
      journal        = "Acta Phys. Polon.",
      volume         = "B8",
      year           = "1977",
      pages          = "475",
      reportNumber   = "Print-77-0040 (UTRECHT)",
      SLACcitation   = "%%CITATION = APPOA,B8,475;%%"
}

@article{Toussaint:1978zm,
      author         = "Toussaint, D.",
      title          = "{Renormalization Effects From Superheavy Higgs
                        Particles}",
      journal        = "Phys. Rev.",
      volume         = "D18",
      year           = "1978",
      pages          = "1626",
      doi            = "10.1103/PhysRevD.18.1626",
      reportNumber   = "Print-78-0362 (PRINCETON)",
      SLACcitation   = "%%CITATION = PHRVA,D18,1626;%%"
}

@article{Frere:1982ma,
      author         = "Frere, J. M. and Vermaseren, J. A. M.",
      title          = "{Radiative Corrections to Masses in the Standard Model
                        With Two Scalar Doublets}",
      journal        = "Z. Phys.",
      volume         = "C19",
      year           = "1983",
      pages          = "63-67",
      doi            = "10.1007/BF01572337",
      reportNumber   = "NIKHEF-H-82-9",
      SLACcitation   = "%%CITATION = ZEPYA,C19,63;%%"
}

@article{Grimus:2007if,
      author         = "Grimus, W. and Lavoura, L. and Ogreid, O. M. and Osland,
                        P.",
      title          = "{A Precision constraint on multi-Higgs-doublet models}",
      journal        = "J. Phys.",
      volume         = "G35",
      year           = "2008",
      pages          = "075001",
      doi            = "10.1088/0954-3899/35/7/075001",
      eprint         = "0711.4022",
      archivePrefix  = "arXiv",
      primaryClass   = "hep-ph",
      reportNumber   = "UWTHPH-2007-28",
      SLACcitation   = "%%CITATION = ARXIV:0711.4022;%%"
}

@article{Hollik:1986gg,
      author         = "Hollik, Wolfgang",
      title          = "{Nonstandard Higgs Bosons in SU(2) X U(1) Radiative
                        Corrections}",
      booktitle      = "{PROGRESS IN ELECTROWEAK INTERACTIONS. PROCEEDINGS, 21ST
                        RENCONTRES DE MORIOND, LES ARCS, FRANCE, MARCH 9-16, 1986.
                        VOL. 1: LEPTONIC SESSION}",
      journal        = "Z. Phys.",
      volume         = "C32",
      year           = "1986",
      pages          = "291",
      doi            = "10.1007/BF01552507",
      reportNumber   = "DESY-86-047, C86-03-09",
      SLACcitation   = "%%CITATION = ZEPYA,C32,291;%%"
}

@article{Beenakker:1988pv,
      author         = "Beenakker, Wim and Hollik, Wolfgang",
      title          = "{The Width of the Z Boson}",
      journal        = "Z. Phys.",
      volume         = "C40",
      year           = "1988",
      pages          = "141",
      doi            = "10.1007/BF01559728",
      reportNumber   = "DESY-88-007",
      SLACcitation   = "%%CITATION = ZEPYA,C40,141;%%"
}

@article{Froggatt:1991qw,
      author         = "Froggatt, C. D. and Moorhouse, R. G. and Knowles, I. G.",
      title          = "{Leading radiative corrections in two scalar doublet
                        models}",
      journal        = "Phys. Rev.",
      volume         = "D45",
      year           = "1992",
      pages          = "2471-2481",
      doi            = "10.1103/PhysRevD.45.2471",
      reportNumber   = "ANL-HEP-PR-91-87, GUTPA-91-10-1",
      SLACcitation   = "%%CITATION = PHRVA,D45,2471;%%"
}

@article{He:2001tp,
      author         = "He, Hong-Jian and Polonsky, Nir and Su, Shu-fang",
      title          = "{Extra families, Higgs spectrum and oblique corrections}",
      journal        = "Phys. Rev.",
      volume         = "D64",
      year           = "2001",
      pages          = "053004",
      doi            = "10.1103/PhysRevD.64.053004",
      eprint         = "hep-ph/0102144",
      archivePrefix  = "arXiv",
      primaryClass   = "hep-ph",
      reportNumber   = "CALT-68-2313, MIT-CTP-3080, UT-HEP-01-018",
      SLACcitation   = "%%CITATION = HEP-PH/0102144;%%"
}

@article{Grimus:2008nb,
      author         = "Grimus, W. and Lavoura, L. and Ogreid, O. M. and Osland,
                        P.",
      title          = "{The Oblique parameters in multi-Higgs-doublet models}",
      journal        = "Nucl. Phys.",
      volume         = "B801",
      year           = "2008",
      pages          = "81-96",
      doi            = "10.1016/j.nuclphysb.2008.04.019",
      eprint         = "0802.4353",
      archivePrefix  = "arXiv",
      primaryClass   = "hep-ph",
      reportNumber   = "UWTHPH-2008-4",
      SLACcitation   = "%%CITATION = ARXIV:0802.4353;%%"
}



%%%%%%%%%%%%%%%%%%%%%%%%%%%%%%%%%%%%%%%%%%%%%%%%%%%%%%%%%%%%
% Stops
%%%%%%%%%%%%%%%%%%%%%%%%%%%%%%%%%%%%%%%%%%%%%%%%%%%%%%%%%%%%

@article{Berger:2012ec,
      author         = "Berger, Joshua and Hubisz, Jay and Perelstein, Maxim",
      title          = "{A Fermionic Top Partner: Naturalness and the LHC}",
      journal        = "JHEP",
      volume         = "07",
      year           = "2012",
      pages          = "016",
      doi            = "10.1007/JHEP07(2012)016",
      eprint         = "1205.0013",
      archivePrefix  = "arXiv",
      primaryClass   = "hep-ph",
      SLACcitation   = "%%CITATION = ARXIV:1205.0013;%%"
}

@article{Dawson:2012di,
      author         = "Dawson, S. and Furlan, E.",
      title          = "{A Higgs Conundrum with Vector Fermions}",
      journal        = "Phys. Rev.",
      volume         = "D86",
      year           = "2012",
      pages          = "015021",
      doi            = "10.1103/PhysRevD.86.015021",
      eprint         = "1205.4733",
      archivePrefix  = "arXiv",
      primaryClass   = "hep-ph",
      SLACcitation   = "%%CITATION = ARXIV:1205.4733;%%"
}

@article{Fajfer:2013wca,
      author         = "Fajfer, Svjetlana and Greljo, Admir and Kamenik, Jernej
                        F. and Mustac, Ivana",
      title          = "{Light Higgs and Vector-like Quarks without Prejudice}",
      journal        = "JHEP",
      volume         = "07",
      year           = "2013",
      pages          = "155",
      doi            = "10.1007/JHEP07(2013)155",
      eprint         = "1304.4219",
      archivePrefix  = "arXiv",
      primaryClass   = "hep-ph",
      SLACcitation   = "%%CITATION = ARXIV:1304.4219;%%"
}

@article{Ellis:2014dza,
      author         = "Ellis, Sebastian A. R. and Godbole, Rohini M. and
                        Gopalakrishna, Shrihari and Wells, James D.",
      title          = "{Survey of vector-like fermion extensions of the Standard
                        Model and their phenomenological implications}",
      journal        = "JHEP",
      volume         = "09",
      year           = "2014",
      pages          = "130",
      doi            = "10.1007/JHEP09(2014)130",
      eprint         = "1404.4398",
      archivePrefix  = "arXiv",
      primaryClass   = "hep-ph",
      SLACcitation   = "%%CITATION = ARXIV:1404.4398;%%"
}

@article{Chen:2014xwa,
      author         = "Chen, Chien-Yi and Dawson, S. and Lewis, I. M.",
      title          = "{Top Partners and Higgs Boson Production}",
      journal        = "Phys. Rev.",
      volume         = "D90",
      year           = "2014",
      number         = "3",
      pages          = "035016",
      doi            = "10.1103/PhysRevD.90.035016",
      eprint         = "1406.3349",
      archivePrefix  = "arXiv",
      primaryClass   = "hep-ph",
      SLACcitation   = "%%CITATION = ARXIV:1406.3349;%%"
}

@article{Hollik:2008xn,
      author         = "Hollik, Wolfgang and Plehn, Tilman and Rauch, Michael and
                        Rzehak, Heidi",
      title          = "{Supersymmetric Higgs Bosons in Weak Boson Fusion}",
      journal        = "Phys. Rev. Lett.",
      volume         = "102",
      year           = "2009",
      pages          = "091802",
      doi            = "10.1103/PhysRevLett.102.091802",
      eprint         = "0804.2676",
      archivePrefix  = "arXiv",
      primaryClass   = "hep-ph",
      reportNumber   = "EDINBURGH-2008-16, PSI-PR-08-05",
      SLACcitation   = "%%CITATION = ARXIV:0804.2676;%%"
}




%%%%%%%%%%%%%%%%%%%%%%%%%%%%%%%%%%%%%%%%%%%%%%%%%%%%%%%%%%%%
% Vector triplet
%%%%%%%%%%%%%%%%%%%%%%%%%%%%%%%%%%%%%%%%%%%%%%%%%%%%%%%%%%%%

@article{Low:2009di,
      author         = "Low, Ian and Rattazzi, Riccardo and Vichi, Alessandro",
      title          = "{Theoretical Constraints on the Higgs Effective
                        Couplings}",
      journal        = "JHEP",
      volume         = "04",
      year           = "2010",
      pages          = "126",
      doi            = "10.1007/JHEP04(2010)126",
      eprint         = "0907.5413",
      archivePrefix  = "arXiv",
      primaryClass   = "hep-ph",
      SLACcitation   = "%%CITATION = ARXIV:0907.5413;%%"
}

@article{Pappadopulo:2014qza,
      author         = "Pappadopulo, Duccio and Thamm, Andrea and Torre, Riccardo
                        and Wulzer, Andrea",
      title          = "{Heavy Vector Triplets: Bridging Theory and Data}",
      journal        = "JHEP",
      volume         = "09",
      year           = "2014",
      pages          = "060",
      doi            = "10.1007/JHEP09(2014)060",
      eprint         = "1402.4431",
      archivePrefix  = "arXiv",
      primaryClass   = "hep-ph",
      SLACcitation   = "%%CITATION = ARXIV:1402.4431;%%"
}

@article{Barger:1980ti,
      author         = "Barger, Vernon D. and Keung, Wai-Yee and Ma, Ernest",
      title          = "{Doubling of Weak Gauge Bosons in an Extension of the
                        Standard Model}",
      journal        = "Phys. Rev. Lett.",
      volume         = "44",
       year           = "1980",
      pages          = "1169",
      doi            = "10.1103/PhysRevLett.44.1169",
      reportNumber   = "COO-881-126, UH-511-370-79",
      SLACcitation   = "%%CITATION = PRLTA,44,1169;%%"
}

@inproceedings{Kaminska:2015ora,
      author         = "Kaminska, Anna",
      title          = "{Improving LHC searches for strong EW symmetry breaking
                        resonances}",
      booktitle      = "{Proceedings, 50th Rencontres de Moriond Electroweak
                        Interactions and Unified Theories}",
      year           = "2015",
      pages          = "113",
      eprint         = "1505.04645",
      archivePrefix  = "arXiv",
      primaryClass   = "hep-ph",
      reportNumber   = "MITP-15-035",
      SLACcitation   = "%%CITATION = ARXIV:1505.04645;%%"
}

@article{ArkaniHamed:2001nc,
      author         = "Arkani-Hamed, Nima and Cohen, Andrew G. and Georgi,
                        Howard",
      title          = "{Electroweak symmetry breaking from dimensional
                        deconstruction}",
      journal        = "Phys. Lett.",
      volume         = "B513",
      year           = "2001",
      pages          = "232-240",
      doi            = "10.1016/S0370-2693(01)00741-9",
      eprint         = "hep-ph/0105239",
      archivePrefix  = "arXiv",
      primaryClass   = "hep-ph",
      reportNumber   = "HUTP-01-A024, BUHEP-01-06, UCB-PTH-01-15",
      SLACcitation   = "%%CITATION = HEP-PH/0105239;%%"
}

@article{delAguila:2010mx,
      author         = "del Aguila, F. and de Blas, J. and Perez-Victoria, M.",
      title          = "{Electroweak Limits on General New Vector Bosons}",
      journal        = "JHEP",
      volume         = "09",
      year           = "2010",
      pages          = "033",
      doi            = "10.1007/JHEP09(2010)033",
      eprint         = "1005.3998",
      archivePrefix  = "arXiv",
      primaryClass   = "hep-ph",
      reportNumber   = "UG-FT-272-10, CAFPE-142-10",
      SLACcitation   = "%%CITATION = ARXIV:1005.3998;%%"
}