
%%%%%%%%%%%%%%%%%%%%%%%%%%%%%%%%%%%%%%%%%%%%%%%%%%%%%%%%%%%%
% Loop calculations
%%%%%%%%%%%%%%%%%%%%%%%%%%%%%%%%%%%%%%%%%%%%%%%%%%%%%%%%%%%%

@article{tHooft:1978jhc,
      author         = "'t Hooft, Gerard and Veltman, M. J. G.",
      title          = "{Scalar One Loop Integrals}",
      journal        = "Nucl. Phys.",
      volume         = "B153",
      year           = "1979",
      pages          = "365-401",
      doi            = "10.1016/0550-3213(79)90605-9",
      reportNumber   = "PRINT-79-0134 (UTRECHT)",
      SLACcitation   = "%%CITATION = NUPHA,B153,365;%%"
}

@article{Denner:1991kt,
      author         = "Denner, Ansgar",
      title          = "{Techniques for calculation of electroweak radiative
                        corrections at the one loop level and results for W
                        physics at LEP-200}",
      journal        = "Fortsch. Phys.",
      volume         = "41",
      year           = "1993",
      pages          = "307-420",
      doi            = "10.1002/prop.2190410402",
      eprint         = "0709.1075",
      archivePrefix  = "arXiv",
      primaryClass   = "hep-ph",
      reportNumber   = "PRINT-91-0349 (WURZBURG)",
      SLACcitation   = "%%CITATION = ARXIV:0709.1075;%%"
}



%%%%%%%%%%%%%%%%%%%%%%%%%%%%%%%%%%%%%%%%%%%%%%%%%%%%%%%%%%%%
% MadMax
%%%%%%%%%%%%%%%%%%%%%%%%%%%%%%%%%%%%%%%%%%%%%%%%%%%%%%%%%%%%

@article{Cranmer:2006zs,
      author         = "Cranmer, Kyle and Plehn, Tilman",
      title          = "{Maximum significance at the LHC and Higgs decays to
                        muons}",
      journal        = "Eur. Phys. J.",
      volume         = "C51",
      year           = "2007",
      pages          = "415-420",
      doi            = "10.1140/epjc/s10052-007-0309-4",
      eprint         = "hep-ph/0605268",
      archivePrefix  = "arXiv",
      primaryClass   = "hep-ph",
      reportNumber   = "MPP-2006-43",
      SLACcitation   = "%%CITATION = HEP-PH/0605268;%%"
}

@article{Plehn:2013paa,
      author         = "Plehn, Tilman and Schichtel, Peter and Wiegand, Daniel",
      title          = "{Where boosted significances come from}",
      journal        = "Phys. Rev.",
      volume         = "D89",
      year           = "2014",
      number         = "5",
      pages          = "054002",
      doi            = "10.1103/PhysRevD.89.054002",
      eprint         = "1311.2591",
      archivePrefix  = "arXiv",
      primaryClass   = "hep-ph",
      SLACcitation   = "%%CITATION = ARXIV:1311.2591;%%"
}

@article{Kling:2016lay,
      author         = "Kling, Felix and Plehn, Tilman and Schichtel, Peter",
      title          = "{Mad-Maximized Higgs Pair Analyses}",
      journal        = "Submitted to: Phys. Rev. D",
      year           = "2016",
      eprint         = "1607.07441",
      archivePrefix  = "arXiv",
      primaryClass   = "hep-ph",
      reportNumber   = "FERMILAB-PUB-16-267-T, IPPP-16-72, MCNET-16-28",
      SLACcitation   = "%%CITATION = ARXIV:1607.07441;%%"
}




%%%%%%%%%%%%%%%%%%%%%%%%%%%%%%%%%%%%%%%%%%%%%%%%%%%%%%%%%%%%
% Event generators
%%%%%%%%%%%%%%%%%%%%%%%%%%%%%%%%%%%%%%%%%%%%%%%%%%%%%%%%%%%%

@article{Alwall:2014hca,
      author         = "Alwall, J. and Frederix, R. and Frixione, S. and Hirschi,
                        V. and Maltoni, F. and Mattelaer, O. and Shao, H. -S. and
                        Stelzer, T. and Torrielli, P. and Zaro, M.",
      title          = "{The automated computation of tree-level and
                        next-to-leading order differential cross sections, and
                        their matching to parton shower simulations}",
      journal        = "JHEP",
      volume         = "07",
      year           = "2014",
      pages          = "079",
      doi            = "10.1007/JHEP07(2014)079",
      eprint         = "1405.0301",
      archivePrefix  = "arXiv",
      primaryClass   = "hep-ph",
      reportNumber   = "CERN-PH-TH-2014-064, CP3-14-18, LPN14-066, MCNET-14-09,
                        ZU-TH-14-14",
      SLACcitation   = "%%CITATION = ARXIV:1405.0301;%%"
}




%%%%%%%%%%%%%%%%%%%%%%%%%%%%%%%%%%%%%%%%%%%%%%%%%%%%%%%%%%%%
% Morphing
%%%%%%%%%%%%%%%%%%%%%%%%%%%%%%%%%%%%%%%%%%%%%%%%%%%%%%%%%%%%



%%%%%%%%%%%%%%%%%%%%%%%%%%%%%%%%%%%%%%%%%%%%%%%%%%%%%%%%%%%%
% PDFs
%%%%%%%%%%%%%%%%%%%%%%%%%%%%%%%%%%%%%%%%%%%%%%%%%%%%%%%%%%%%

@article{Pumplin:2002vw,
      author         = "Pumplin, J. and Stump, D. R. and Huston, J. and Lai, H.
                        L. and Nadolsky, Pavel M. and Tung, W. K.",
      title          = "{New generation of parton distributions with
                        uncertainties from global QCD analysis}",
      journal        = "JHEP",
      volume         = "07",
      year           = "2002",
      pages          = "012",
      doi            = "10.1088/1126-6708/2002/07/012",
      eprint         = "hep-ph/0201195",
      archivePrefix  = "arXiv",
      primaryClass   = "hep-ph",
      reportNumber   = "MSU-HEP-011101",
      SLACcitation   = "%%CITATION = HEP-PH/0201195;%%"
}



%%%%%%%%%%%%%%%%%%%%%%%%%%%%%%%%%%%%%%%%%%%%%%%%%%%%%%%%%%%%
% LoopTools / FeynArts
%%%%%%%%%%%%%%%%%%%%%%%%%%%%%%%%%%%%%%%%%%%%%%%%%%%%%%%%%%%%

@article{Hahn:1998yk,
      author         = "Hahn, T. and Perez-Victoria, M.",
      title          = "{Automatized one loop calculations in four-dimensions and
                        D-dimensions}",
      journal        = "Comput. Phys. Commun.",
      volume         = "118",
      year           = "1999",
      pages          = "153-165",
      doi            = "10.1016/S0010-4655(98)00173-8",
      eprint         = "hep-ph/9807565",
      archivePrefix  = "arXiv",
      primaryClass   = "hep-ph",
      reportNumber   = "UG-FT-87-98, KA-TP-7-1998",
      SLACcitation   = "%%CITATION = HEP-PH/9807565;%%"
}

@article{Hahn:2000kx,
      author         = "Hahn, Thomas",
      title          = "{Generating Feynman diagrams and amplitudes with FeynArts
                        3}",
      journal        = "Comput. Phys. Commun.",
      volume         = "140",
      year           = "2001",
      pages          = "418-431",
      doi            = "10.1016/S0010-4655(01)00290-9",
      eprint         = "hep-ph/0012260",
      archivePrefix  = "arXiv",
      primaryClass   = "hep-ph",
      reportNumber   = "KA-TP-23-2000",
      SLACcitation   = "%%CITATION = HEP-PH/0012260;%%"
}



%%%%%%%%%%%%%%%%%%%%%%%%%%%%%%%%%%%%%%%%%%%%%%%%%%%%%%%%%%%%
% FeynRules
%%%%%%%%%%%%%%%%%%%%%%%%%%%%%%%%%%%%%%%%%%%%%%%%%%%%%%%%%%%%

@article{Alloul:2013bka,
      author         = "Alloul, Adam and Christensen, Neil D. and Degrande,
                        Céline and Duhr, Claude and Fuks, Benjamin",
      title          = "{FeynRules  2.0 - A complete toolbox for tree-level
                        phenomenology}",
      journal        = "Comput. Phys. Commun.",
      volume         = "185",
      year           = "2014",
      pages          = "2250-2300",
      doi            = "10.1016/j.cpc.2014.04.012",
      eprint         = "1310.1921",
      archivePrefix  = "arXiv",
      primaryClass   = "hep-ph",
      reportNumber   = "CERN-PH-TH-2013-239, MCNET-13-14, IPPP-13-71,
                        DCPT-13-142, --PITT-PACC-1308",
      url            = "https://feynrules.irmp.ucl.ac.be/wiki/ModelDatabaseMainPage",
      SLACcitation   = "%%CITATION = ARXIV:1310.1921;%%"
}

@article{Degrande:2011ua,
      author         = "Degrande, Celine and Duhr, Claude and Fuks, Benjamin and
                        Grellscheid, David and Mattelaer, Olivier and Reiter,
                        Thomas",
      title          = "{UFO - The Universal FeynRules Output}",
      journal        = "Comput. Phys. Commun.",
      volume         = "183",
      year           = "2012",
      pages          = "1201-1214",
      doi            = "10.1016/j.cpc.2012.01.022",
      eprint         = "1108.2040",
      archivePrefix  = "arXiv",
      primaryClass   = "hep-ph",
      reportNumber   = "CP3-11-25, IPHC-PHENO-11-04, IPPP-11-39, DCPT-11-78,
                        MPP-2011-68",
      SLACcitation   = "%%CITATION = ARXIV:1108.2040;%%"
}



%%%%%%%%%%%%%%%%%%%%%%%%%%%%%%%%%%%%%%%%%%%%%%%%%%%%%%%%%%%%
% Model files
%%%%%%%%%%%%%%%%%%%%%%%%%%%%%%%%%%%%%%%%%%%%%%%%%%%%%%%%%%%%

@article{Alloul:2013naa,
      author         = "Alloul, Adam and Fuks, Benjamin and Sanz, Verónica",
      title          = "{Phenomenology of the Higgs Effective Lagrangian via
                        FEYNRULES}",
      journal        = "JHEP",
      volume         = "04",
      year           = "2014",
      pages          = "110",
      doi            = "10.1007/JHEP04(2014)110",
      eprint         = "1310.5150",
      archivePrefix  = "arXiv",
      primaryClass   = "hep-ph",
      reportNumber   = "CERN-PH-TH-2013-248",
      SLACcitation   = "%%CITATION = ARXIV:1310.5150;%%"
}



%%%%%%%%%%%%%%%%%%%%%%%%%%%%%%%%%%%%%%%%%%%%%%%%%%%%%%%%%%%%
% Higgs pair production
%%%%%%%%%%%%%%%%%%%%%%%%%%%%%%%%%%%%%%%%%%%%%%%%%%%%%%%%%%%%

@misc{higgspaircode,
      author         = "Hespel, Benoit and Vryonidou, Eleni",
      title          = "{Higgs pair production}",
      url            = "https://cp3.irmp.ucl.ac.be/projects/madgraph/wiki/HiggsPairProduction"
}

@article{Hespel:2014sla,
      author         = "Hespel, Benoit and Lopez-Val, David and Vryonidou, Eleni",
      title          = "{Higgs pair production via gluon fusion in the
                        Two-Higgs-Doublet Model}",
      journal        = "JHEP",
      volume         = "09",
      year           = "2014",
      pages          = "124",
      doi            = "10.1007/JHEP09(2014)124",
      eprint         = "1407.0281",
      archivePrefix  = "arXiv",
      primaryClass   = "hep-ph",
      reportNumber   = "MCNET-14-12, CP3-14-48",
      SLACcitation   = "%%CITATION = ARXIV:1407.0281;%%"
}



%%%%%%%%%%%%%%%%%%%%%%%%%%%%%%%%%%%%%%%%%%%%%%%%%%%%%%%%%%%%
% HDecay
%%%%%%%%%%%%%%%%%%%%%%%%%%%%%%%%%%%%%%%%%%%%%%%%%%%%%%%%%%%%

@article{Djouadi:1997yw,
      author         = "Djouadi, A. and Kalinowski, J. and Spira, M.",
      title          = "{HDECAY: A Program for Higgs boson decays in the standard
                        model and its supersymmetric extension}",
      journal        = "Comput. Phys. Commun.",
      volume         = "108",
      year           = "1998",
      pages          = "56-74",
      doi            = "10.1016/S0010-4655(97)00123-9",
      eprint         = "hep-ph/9704448",
      archivePrefix  = "arXiv",
      primaryClass   = "hep-ph",
      reportNumber   = "DESY-97-079, IFT-96-29, PM-97-04",
      SLACcitation   = "%%CITATION = HEP-PH/9704448;%%"
}



%%%%%%%%%%%%%%%%%%%%%%%%%%%%%%%%%%%%%%%%%%%%%%%%%%%%%%%%%%%%
% HiggsSignals, HiggsBounds, 2HDMC, SuperIso
%%%%%%%%%%%%%%%%%%%%%%%%%%%%%%%%%%%%%%%%%%%%%%%%%%%%%%%%%%%%

@article{Bechtle:2013xfa,
      author         = "Bechtle, Philip and Heinemeyer, Sven and St{\aa}l, Oscar and
                        Stefaniak, Tim and Weiglein, Georg",
      title          = "{$HiggsSignals$: Confronting arbitrary Higgs sectors with
                        measurements at the Tevatron and the LHC}",
      journal        = "Eur. Phys. J.",
      volume         = "C74",
      year           = "2014",
      number         = "2",
      pages          = "2711",
      doi            = "10.1140/epjc/s10052-013-2711-4",
      eprint         = "1305.1933",
      archivePrefix  = "arXiv",
      primaryClass   = "hep-ph",
      reportNumber   = "BONN-TH-2013-07, DESY-13-078",
      SLACcitation   = "%%CITATION = ARXIV:1305.1933;%%"
}

@article{Bechtle:2011sb,
      author         = "Bechtle, Philip and Brein, Oliver and Heinemeyer, Sven
                        and Weiglein, Georg and Williams, Karina E.",
      title          = "{HiggsBounds 2.0.0: Confronting Neutral and Charged Higgs
                        Sector Predictions with Exclusion Bounds from LEP and the
                        Tevatron}",
      journal        = "Comput. Phys. Commun.",
      volume         = "182",
      year           = "2011",
      pages          = "2605-2631",
      doi            = "10.1016/j.cpc.2011.07.015",
      eprint         = "1102.1898",
      archivePrefix  = "arXiv",
      primaryClass   = "hep-ph",
      reportNumber   = "FR-PHENO-2011-002, BONN-TH-2011-02, DESY-11-016",
      SLACcitation   = "%%CITATION = ARXIV:1102.1898;%%"
}

@article{Bechtle:2008jh,
      author         = "Bechtle, Philip and Brein, Oliver and Heinemeyer, Sven
                        and Weiglein, Georg and Williams, Karina E.",
      title          = "{HiggsBounds: Confronting Arbitrary Higgs Sectors with
                        Exclusion Bounds from LEP and the Tevatron}",
      journal        = "Comput. Phys. Commun.",
      volume         = "181",
      year           = "2010",
      pages          = "138-167",
      doi            = "10.1016/j.cpc.2009.09.003",
      eprint         = "0811.4169",
      archivePrefix  = "arXiv",
      primaryClass   = "hep-ph",
      reportNumber   = "DCPT-08-172, IPPP-08-86, BONN-TH-2008-17",
      SLACcitation   = "%%CITATION = ARXIV:0811.4169;%%"
}

@article{Eriksson:2009ws,
      author         = "Eriksson, David and Rathsman, Johan and Stal, Oscar",
      title          = "{2HDMC: Two-Higgs-Doublet Model Calculator Physics and
                        Manual}",
      journal        = "Comput. Phys. Commun.",
      volume         = "181",
      year           = "2010",
      pages          = "189-205",
      doi            = "10.1016/j.cpc.2009.09.011",
      eprint         = "0902.0851",
      archivePrefix  = "arXiv",
      primaryClass   = "hep-ph",
      SLACcitation   = "%%CITATION = ARXIV:0902.0851;%%"
}

@article{Mahmoudi:2008tp,
      author         = "Mahmoudi, F.",
      title          = "{SuperIso v2.3: A Program for calculating flavor physics
                        observables in Supersymmetry}",
      journal        = "Comput. Phys. Commun.",
      volume         = "180",
      year           = "2009",
      pages          = "1579-1613",
      doi            = "10.1016/j.cpc.2009.02.017",
      eprint         = "0808.3144",
      archivePrefix  = "arXiv",
      primaryClass   = "hep-ph",
      SLACcitation   = "%%CITATION = ARXIV:0808.3144;%%"
}

